date_time,exchange_id,instrument_id,price,volume,amount,buy_open,sell_open,buy_close,sell_close
2024-10-18T01:29:00.400Z,,,3795.0,126,143451000.0,1,0,0,0
2024-10-18T01:30:00.400Z,,,3795.0,201,228812760.0,0,1,0,0
2024-10-18T01:30:00.900Z,,,3793.8,287,326673720.0,0,0,0,0
2024-10-18T01:30:01.400001Z,,,3794.8,324,368784540.0,0,0,0,0
2024-10-18T01:30:01.900Z,,,3792.0,356,405204720.0,0,0,0,0
2024-10-18T01:30:02.400Z,,,3793.4,385,438202320.0,0,0,0,0
2024-10-18T01:30:02.900Z,,,3792.8,412,468926400.0,0,0,0,0
2024-10-18T01:30:03.400Z,,,3792.8,485,551979660.0,0,0,0,0
2024-10-18T01:30:03.900Z,,,3794.6,508,578156820.0,0,0,0,0
2024-10-18T01:30:04.400Z,,,3794.6,547,622534500.0,0,0,0,0
2024-10-18T01:30:04.900Z,,,3793.6,568,646431780.0,0,0,0,0
2024-10-18T01:30:05.400Z,,,3794.0,606,689684100.0,0,0,0,0
2024-10-18T01:30:05.900Z,,,3795.0,647,736352820.0,0,0,0,0
2024-10-18T01:30:06.400Z,,,3794.8,671,763674060.0,0,0,0,0
2024-10-18T01:30:06.900Z,,,3794.8,694,789856740.0,0,0,0,0
2024-10-18T01:30:07.400Z,,,3794.6,714,812621580.0,0,0,0,0
2024-10-18T01:30:07.900Z,,,3794.2,727,827419020.0,0,0,0,0
2024-10-18T01:30:08.400Z,,,3794.8,751,854741520.0,0,0,0,0
2024-10-18T01:30:08.900Z,,,3794.8,767,872954820.0,0,0,0,0
2024-10-18T01:30:09.400Z,,,3795.0,803,913935960.0,0,0,0,0
2024-10-18T01:30:09.900Z,,,3795.0,811,923043480.0,0,0,0,0
2024-10-18T01:30:10.400Z,,,3794.8,841,957196260.0,0,0,0,0
2024-10-18T01:30:10.900Z,,,3794.6,857,975408960.0,0,0,0,0
2024-10-18T01:30:11.400Z,,,3794.0,882,1003866780.0,0,0,0,0
2024-10-18T01:30:11.900Z,,,3794.4,907,1032324180.0,0,0,0,0
2024-10-18T01:30:12.400Z,,,3794.0,926,1053953340.0,0,0,0,0
2024-10-18T01:30:12.900Z,,,3795.4,936,1065339240.0,0,0,0,0
2024-10-18T01:30:13.400Z,,,3795.6,949,1080143280.0,0,0,0,0
2024-10-18T01:30:13.900Z,,,3796.8,956,1088116020.0,0,0,0,0
2024-10-18T01:30:14.400Z,,,3796.2,1015,1155300420.0,0,0,0,0
2024-10-18T01:30:14.900Z,,,3797.0,1030,1172385600.0,0,0,0,0
2024-10-18T01:30:15.400Z,,,3796.8,1045,1189470420.0,0,0,0,0
2024-10-18T01:30:15.900Z,,,3797.2,1066,1213389780.0,0,0,0,0
2024-10-18T01:30:16.400Z,,,3797.2,1094,1245284040.0,0,0,0,0
2024-10-18T01:30:16.900Z,,,3797.0,1119,1273763520.0,0,0,0,0
2024-10-18T01:30:17.400Z,,,3797.2,1136,1293129420.0,0,0,0,0
2024-10-18T01:30:17.900Z,,,3797.2,1165,1326168780.0,0,0,0,0
2024-10-18T01:30:18.400Z,,,3798.6,1181,1344396720.0,0,0,0,0
2024-10-18T01:30:18.900Z,,,3799.2,1188,1352373960.0,0,0,0,0
2024-10-18T01:30:19.400Z,,,3799.0,1197,1362631200.0,0,0,0,0
2024-10-18T01:30:19.900Z,,,3799.0,1202,1368329820.0,0,0,0,0
2024-10-18T01:30:20.400Z,,,3799.4,1228,1397963100.0,0,0,0,0
2024-10-18T01:30:20.900Z,,,3799.8,1253,1426458540.0,0,0,0,0
2024-10-18T01:30:21.400Z,,,3799.6,1275,1451534820.0,0,0,0,0
2024-10-18T01:30:21.900Z,,,3800.0,1286,1464074220.0,0,0,0,0
2024-10-18T01:30:22.400Z,,,3800.4,1296,1475474640.0,0,0,0,0
2024-10-18T01:30:22.900Z,,,3799.4,1333,1517655120.0,0,0,0,0
2024-10-18T01:30:23.400Z,,,3799.0,1341,1526774160.0,0,0,0,0
2024-10-18T01:30:23.900Z,,,3799.0,1357,1545009360.0,0,0,0,0
2024-10-18T01:30:24.400Z,,,3799.8,1370,1559827740.0,0,0,0,0
2024-10-18T01:30:24.900Z,,,3799.2,1387,1579204920.0,0,0,0,0
2024-10-18T01:30:25.400Z,,,3799.4,1392,1584903720.0,0,0,0,0
2024-10-18T01:30:25.900Z,,,3799.8,1406,1600861320.0,0,0,0,0
2024-10-18T01:30:26.400Z,,,3799.6,1421,1617960000.0,0,0,0,0
2024-10-18T01:30:26.900Z,,,3799.4,1426,1623658740.0,0,0,0,0
2024-10-18T01:30:27.400Z,,,3799.6,1438,1637334720.0,0,0,0,0
2024-10-18T01:30:27.900Z,,,3799.6,1447,1647592920.0,0,0,0,0
2024-10-18T01:30:28.400Z,,,3799.8,1461,1663550940.0,0,0,0,0
2024-10-18T01:30:28.900Z,,,3799.2,1470,1673808480.0,0,0,0,0
2024-10-18T01:30:29.400Z,,,3799.6,1475,1679508060.0,0,0,0,0
2024-10-18T01:30:29.900Z,,,3800.0,1487,1693187340.0,0,0,0,0
2024-10-18T01:30:30.400Z,,,3800.4,1494,1701167460.0,0,0,0,0
2024-10-18T01:30:30.900Z,,,3800.6,1504,1712568300.0,0,0,0,0
2024-10-18T01:30:31.400Z,,,3800.4,1514,1723970160.0,0,0,0,0
2024-10-18T01:30:31.900Z,,,3801.0,1527,1738794420.0,0,0,0,0
2024-10-18T01:30:32.400Z,,,3800.4,1562,1778704260.0,0,0,0,0
2024-10-18T01:30:32.900Z,,,3800.8,1579,1798089060.0,0,0,0,0
2024-10-18T01:30:33.400Z,,,3801.0,1587,1807212840.0,0,0,0,0
2024-10-18T01:30:33.900Z,,,3801.0,1594,1815194940.0,0,0,0,0
2024-10-18T01:30:34.400Z,,,3801.2,1606,1828880760.0,0,0,0,0
2024-10-18T01:30:34.900Z,,,3801.8,1612,1835724000.0,0,0,0,0
2024-10-18T01:30:35.400Z,,,3801.6,1620,1844848140.0,0,0,0,0
2024-10-18T01:30:35.900Z,,,3801.6,1623,1848269580.0,0,0,0,0
2024-10-18T01:30:36.400Z,,,3802.6,1647,1875645060.0,0,0,0,0
2024-10-18T01:30:36.900Z,,,3801.8,1662,1892756280.0,0,0,0,0
2024-10-18T01:30:37.400Z,,,3802.8,1676,1908727980.0,0,0,0,0
2024-10-18T01:30:37.900Z,,,3803.0,1688,1922418420.0,0,0,0,0
2024-10-18T01:30:38.400Z,,,3802.8,1694,1929263760.0,0,0,0,0
2024-10-18T01:30:38.900Z,,,3803.6,1703,1939533000.0,0,0,0,0
2024-10-18T01:30:39.400Z,,,3803.8,1720,1958933940.0,0,0,0,0
2024-10-18T01:30:39.900Z,,,3803.8,1732,1972627140.0,0,0,0,0
2024-10-18T01:30:40.400Z,,,3803.8,1746,1988603040.0,0,0,0,0
2024-10-18T01:30:40.900Z,,,3802.2,1779,2026255740.0,0,0,0,0
2024-10-18T01:30:41.400Z,,,3803.8,1787,2035384860.0,0,0,0,0
2024-10-18T01:30:41.900Z,,,3803.8,1802,2052502800.0,0,0,0,0
2024-10-18T01:30:42.400Z,,,3802.6,1838,2093584260.0,0,0,0,0
2024-10-18T01:30:42.900Z,,,3803.8,1846,2102713800.0,0,0,0,0
2024-10-18T01:30:43.400Z,,,3804.2,1861,2119831020.0,0,0,0,0
2024-10-18T01:30:43.900Z,,,3803.8,1879,2140369380.0,0,0,0,0
2024-10-18T01:30:44.400Z,,,3803.8,1899,2163192300.0,0,0,0,0
2024-10-18T01:30:44.900Z,,,3804.2,1912,2178027960.0,0,0,0,0
2024-10-18T01:30:45.400Z,,,3804.2,1942,2212266180.0,0,0,0,0
2024-10-18T01:30:45.900Z,,,3804.0,1954,2225960580.0,0,0,0,0
2024-10-18T01:30:46.400Z,,,3804.8,1968,2241939060.0,0,0,0,0
2024-10-18T01:30:46.900Z,,,3804.8,1984,2260199580.0,0,0,0,0
2024-10-18T01:30:47.400Z,,,3804.0,1988,2264764320.0,0,0,0,0
2024-10-18T01:30:47.900Z,,,3803.2,1999,2277316320.0,0,0,0,0
2024-10-18T01:30:48.400Z,,,3802.6,2020,2301279180.0,0,0,0,0
2024-10-18T01:30:48.900Z,,,3802.6,2042,2326371360.0,0,0,0,0
2024-10-18T01:30:49.400Z,,,3801.4,2057,2343479160.0,0,0,0,0
2024-10-18T01:30:49.900Z,,,3801.2,2078,2367426060.0,0,0,0,0
2024-10-18T01:30:50.400Z,,,3801.4,2094,2385670620.0,0,0,0,0
2024-10-18T01:30:50.900Z,,,3800.4,2102,2394792360.0,0,0,0,0
2024-10-18T01:30:51.400Z,,,3799.8,2137,2434693380.0,0,0,0,0
2024-10-18T01:30:51.900Z,,,3799.4,2152,2451792060.0,0,0,0,0
2024-10-18T01:30:52.400Z,,,3798.4,2161,2462049420.0,0,0,0,0
2024-10-18T01:30:52.900Z,,,3799.4,2180,2483702040.0,0,0,0,0
2024-10-18T01:30:53.400Z,,,3799.0,2189,2493958980.0,0,0,0,0
2024-10-18T01:30:53.900Z,,,3797.8,2203,2509909800.0,0,0,0,0
2024-10-18T01:30:54.400Z,,,3797.8,2210,2517884880.0,0,0,0,0
2024-10-18T01:30:54.900Z,,,3798.0,2237,2548648560.0,0,0,0,0
2024-10-18T01:30:55.400Z,,,3797.0,2252,2565738360.0,0,0,0,0
2024-10-18T01:30:55.900Z,,,3799.2,2298,2618148600.0,0,0,0,0
2024-10-18T01:30:56.400Z,,,3798.6,2325,2648916960.0,0,0,0,0
2024-10-18T01:30:56.900Z,,,3798.0,2339,2664870660.0,0,0,0,0
2024-10-18T01:30:57.400Z,,,3799.0,2347,2673987060.0,0,0,0,0
2024-10-18T01:30:57.900Z,,,3798.0,2356,2684241000.0,0,0,0,0
2024-10-18T01:30:58.400Z,,,3797.0,2365,2694493380.0,0,0,0,0
2024-10-18T01:30:58.900Z,,,3796.6,2371,2701327080.0,0,0,0,0
2024-10-18T01:30:59.400Z,,,3796.2,2376,2707021320.0,0,0,0,0
2024-10-18T01:30:59.900Z,,,3795.4,2383,2714992680.0,0,0,0,0
2024-10-18T01:31:00.400Z,,,3796.8,2394,2727519900.0,0,0,0,0
2024-10-18T01:31:00.900Z,,,3797.0,2406,2741186460.0,0,0,0,0
2024-10-18T01:31:01.400Z,,,3796.0,2413,2749158660.0,0,0,0,0
2024-10-18T01:31:01.900Z,,,3796.4,2416,2752575420.0,0,0,0,0
2024-10-18T01:31:02.400Z,,,3796.8,2430,2768523000.0,0,0,0,0
2024-10-18T01:31:02.900Z,,,3797.0,2433,2771940300.0,0,0,0,0
2024-10-18T01:31:03.400Z,,,3797.0,2439,2778775440.0,0,0,0,0
2024-10-18T01:31:03.900Z,,,3799.2,2455,2797007460.0,0,0,0,0
2024-10-18T01:31:04.400Z,,,3798.6,2466,2809543920.0,0,0,0,0
2024-10-18T01:31:04.900Z,,,3799.4,2494,2841447060.0,0,0,0,0
2024-10-18T01:31:05.400Z,,,3800.0,2508,2857406400.0,0,0,0,0
2024-10-18T01:31:05.900Z,,,3799.2,2517,2867665740.0,0,0,0,0
2024-10-18T01:31:06.400Z,,,3800.2,2523,2874506400.0,0,0,0,0
2024-10-18T01:31:06.900Z,,,3800.2,2529,2881346760.0,0,0,0,0
2024-10-18T01:31:07.400Z,,,3800.8,2541,2895029040.0,0,0,0,0
2024-10-18T01:31:07.900Z,,,3800.2,2549,2904149520.0,0,0,0,0
2024-10-18T01:31:08.400Z,,,3800.4,2552,2907570060.0,0,0,0,0
2024-10-18T01:31:08.900Z,,,3800.2,2565,2922391620.0,0,0,0,0
2024-10-18T01:31:09.400Z,,,3800.0,2594,2955452940.0,0,0,0,0
2024-10-18T01:31:09.900Z,,,3800.4,2609,2972552100.0,0,0,0,0
2024-10-18T01:31:10.400Z,,,3800.2,2625,2990790720.0,0,0,0,0
2024-10-18T01:31:10.900Z,,,3799.2,2634,3001047480.0,0,0,0,0
2024-10-18T01:31:11.400Z,,,3799.2,2650,3019281720.0,0,0,0,0
2024-10-18T01:31:11.900Z,,,3799.2,2662,3032956740.0,0,0,0,0
2024-10-18T01:31:12.400Z,,,3798.6,2668,3039794220.0,0,0,0,0
2024-10-18T01:31:12.900Z,,,3798.4,2676,3048909960.0,0,0,0,0
2024-10-18T01:31:13.400Z,,,3797.6,2686,3060304200.0,0,0,0,0
2024-10-18T01:31:13.900Z,,,3797.8,2698,3073976580.0,0,0,0,0
2024-10-18T01:31:14.400Z,,,3798.0,2707,3084231360.0,0,0,0,0
2024-10-18T01:31:14.900Z,,,3797.8,2712,3089928180.0,0,0,0,0
2024-10-18T01:31:15.400Z,,,3798.4,2715,3093346740.0,0,0,0,0
2024-10-18T01:31:15.900Z,,,3798.6,2722,3101323440.0,0,0,0,0
2024-10-18T01:31:16.400Z,,,3798.4,2732,3112718100.0,0,0,0,0
2024-10-18T01:31:16.900Z,,,3798.4,2743,3125253540.0,0,0,0,0
2024-10-18T01:31:17.400Z,,,3799.6,2745,3127533120.0,0,0,0,0
2024-10-18T01:31:17.900Z,,,3797.6,2754,3137788380.0,0,0,0,0
2024-10-18T01:31:18.400Z,,,3799.0,2758,3142346340.0,0,0,0,0
2024-10-18T01:31:18.900Z,,,3798.8,2763,3148044480.0,0,0,0,0
2024-10-18T01:31:19.400Z,,,3798.6,2766,3151463220.0,0,0,0,0
2024-10-18T01:31:19.900Z,,,3798.8,2777,3163999920.0,0,0,0,0
2024-10-18T01:31:20.400Z,,,3798.8,2780,3167419080.0,0,0,0,0
2024-10-18T01:31:20.900Z,,,3798.8,2784,3171977880.0,0,0,0,0
2024-10-18T01:31:21.400Z,,,3799.6,2786,3174257640.0,0,0,0,0
2024-10-18T01:31:21.900Z,,,3798.6,2789,3177676380.0,0,0,0,0
2024-10-18T01:31:22.400Z,,,3798.8,2798,3187932300.0,0,0,0,0
2024-10-18T01:31:22.900Z,,,3799.4,2805,3195910380.0,0,0,0,0
2024-10-18T01:31:23.400Z,,,3799.0,2816,3208448280.0,0,0,0,0
2024-10-18T01:31:23.900Z,,,3799.8,2828,3222127320.0,0,0,0,0
2024-10-18T01:31:24.400Z,,,3800.8,2841,3236948040.0,0,0,0,0
2024-10-18T01:31:24.900Z,,,3801.4,2850,3247210620.0,0,0,0,0
2024-10-18T01:31:25.400Z,,,3801.0,2853,3250631520.0,0,0,0,0
2024-10-18T01:31:25.900Z,,,3801.4,2868,3267737340.0,0,0,0,0
2024-10-18T01:31:26.400Z,,,3801.0,2870,3270018060.0,0,0,0,0
2024-10-18T01:31:26.900Z,,,3800.8,2877,3277999740.0,0,0,0,0
2024-10-18T01:31:27.400Z,,,3801.6,2890,3292823580.0,0,0,0,0
2024-10-18T01:31:27.900Z,,,3800.6,2900,3304225620.0,0,0,0,0
2024-10-18T01:31:28.400Z,,,3800.0,2917,3323606400.0,0,0,0,0
2024-10-18T01:31:28.900Z,,,3799.6,2927,3335006280.0,0,0,0,0
2024-10-18T01:31:29.400Z,,,3799.4,2929,3337286040.0,0,0,0,0
2024-10-18T01:31:29.900Z,,,3799.8,2934,3342985560.0,0,0,0,0
2024-10-18T01:31:30.400Z,,,3799.8,2938,3347545320.0,0,0,0,0
2024-10-18T01:31:30.900Z,,,3801.0,2948,3358945260.0,0,0,0,0
2024-10-18T01:31:31.400Z,,,3800.2,2964,3377184960.0,0,0,0,0
2024-10-18T01:31:31.900Z,,,3799.6,2970,3384024780.0,0,0,0,0
2024-10-18T01:31:32.400Z,,,3798.8,2975,3389723040.0,0,0,0,0
2024-10-18T01:31:32.900Z,,,3799.0,2991,3407956920.0,0,0,0,0
2024-10-18T01:31:33.400Z,,,3799.4,2996,3413655900.0,0,0,0,0
2024-10-18T01:31:33.900Z,,,3799.6,3001,3419355300.0,0,0,0,0
2024-10-18T01:31:34.400Z,,,3799.6,3005,3423915120.0,0,0,0,0
2024-10-18T01:31:34.900Z,,,3799.8,3006,3425055060.0,0,0,0,0
2024-10-18T01:31:35.400Z,,,3800.2,3012,3431894700.0,0,0,0,0
2024-10-18T01:31:35.900Z,,,3799.2,3015,3435313980.0,0,0,0,0
2024-10-18T01:31:36.400Z,,,3800.0,3025,3446711880.0,0,0,0,0
2024-10-18T01:31:36.900Z,,,3799.2,3031,3453550800.0,0,0,0,0
2024-10-18T01:31:37.400Z,,,3798.8,3036,3459248820.0,0,0,0,0
2024-10-18T01:31:37.900Z,,,3799.2,3039,3462667980.0,0,0,0,0
2024-10-18T01:31:38.400Z,,,3799.2,3040,3463807740.0,0,0,0,0
2024-10-18T01:31:38.900Z,,,3798.8,3044,3468366300.0,0,0,0,0
2024-10-18T01:31:39.400Z,,,3798.4,3046,3470645340.0,0,0,0,0
2024-10-18T01:31:39.900Z,,,3798.4,3049,3474063840.0,0,0,0,0
2024-10-18T01:31:40.400Z,,,3798.8,3051,3476343120.0,0,0,0,0
2024-10-18T01:31:40.900Z,,,3798.8,3053,3478622400.0,0,0,0,0
2024-10-18T01:31:41.400Z,,,3798.4,3059,3485459880.0,0,0,0,0
2024-10-18T01:31:41.900Z,,,3799.2,3062,3488878680.0,0,0,0,0
2024-10-18T01:31:42.400Z,,,3798.2,3067,3494576460.0,0,0,0,0
2024-10-18T01:31:42.900Z,,,3798.2,3077,3505970580.0,0,0,0,0
2024-10-18T01:31:43.400Z,,,3798.4,3095,3526481940.0,0,0,0,0
2024-10-18T01:31:43.900Z,,,3798.6,3098,3529900560.0,0,0,0,0
2024-10-18T01:31:44.400Z,,,3798.6,3098,3529900560.0,0,0,0,0
2024-10-18T01:31:44.900Z,,,3798.6,3098,3529900560.0,0,0,0,0
2024-10-18T01:31:45.400Z,,,3798.4,3099,3531040080.0,0,0,0,0
2024-10-18T01:31:45.900Z,,,3798.0,3102,3534458340.0,0,0,0,0
2024-10-18T01:31:46.400Z,,,3797.6,3108,3541294800.0,0,0,0,0
2024-10-18T01:31:46.900Z,,,3797.6,3114,3548131200.0,0,0,0,0
2024-10-18T01:31:47.400Z,,,3797.6,3129,3565220400.0,0,0,0,0
2024-10-18T01:31:47.900Z,,,3798.2,3135,3572056620.0,0,0,0,0
2024-10-18T01:31:48.400Z,,,3797.8,3138,3575474820.0,0,0,0,0
2024-10-18T01:31:48.900Z,,,3797.4,3142,3580031640.0,0,0,0,0
2024-10-18T01:31:49.400Z,,,3797.2,3144,3582310020.0,0,0,0,0
2024-10-18T01:31:49.900Z,,,3798.0,3152,3591424680.0,0,0,0,0
2024-10-18T01:31:50.400Z,,,3797.4,3167,3608515800.0,0,0,0,0
2024-10-18T01:31:50.900Z,,,3798.2,3183,3626746380.0,0,0,0,0
2024-10-18T01:31:51.400Z,,,3797.6,3189,3633582420.0,0,0,0,0
2024-10-18T01:31:51.900Z,,,3799.2,3199,3644976300.0,0,0,0,0
2024-10-18T01:31:52.400Z,,,3798.2,3204,3650673840.0,0,0,0,0
2024-10-18T01:31:52.900Z,,,3797.2,3208,3655230600.0,0,0,0,0
2024-10-18T01:31:53.400Z,,,3798.6,3212,3659788260.0,0,0,0,0
2024-10-18T01:31:53.900Z,,,3798.2,3213,3660927720.0,0,0,0,0
2024-10-18T01:31:54.400Z,,,3798.4,3216,3664346280.0,0,0,0,0
2024-10-18T01:31:54.900Z,,,3798.4,3227,3676881000.0,0,0,0,0
2024-10-18T01:31:55.400Z,,,3798.4,3227,3676881000.0,0,0,0,0
2024-10-18T01:31:55.900Z,,,3797.4,3231,3681438300.0,0,0,0,0
2024-10-18T01:31:56.400Z,,,3796.8,3243,3695107560.0,0,0,0,0
2024-10-18T01:31:56.900Z,,,3796.6,3255,3708776040.0,0,0,0,0
2024-10-18T01:31:57.400Z,,,3796.0,3261,3715609680.0,0,0,0,0
2024-10-18T01:31:57.900Z,,,3796.0,3272,3728136660.0,0,0,0,0
2024-10-18T01:31:58.400Z,,,3796.4,3290,3748634760.0,0,0,0,0
2024-10-18T01:31:58.900Z,,,3795.4,3321,3783935220.0,0,0,0,0
2024-10-18T01:31:59.400Z,,,3795.4,3326,3789628320.0,0,0,0,0
2024-10-18T01:31:59.900Z,,,3794.8,3337,3802151760.0,0,0,0,0
2024-10-18T01:32:00.400Z,,,3794.2,3353,3820365960.0,0,0,0,0
2024-10-18T01:32:00.900Z,,,3795.2,3358,3826058340.0,0,0,0,0
2024-10-18T01:32:01.400Z,,,3795.0,3367,3836304480.0,0,0,0,0
2024-10-18T01:32:01.900Z,,,3795.0,3376,3846549660.0,0,0,0,0
2024-10-18T01:32:02.400Z,,,3794.0,3378,3848826060.0,0,0,0,0
2024-10-18T01:32:02.900Z,,,3794.0,3381,3852240660.0,0,0,0,0
2024-10-18T01:32:03.400Z,,,3793.6,3390,3862483260.0,0,0,0,0
2024-10-18T01:32:03.900Z,,,3794.0,3405,3879557160.0,0,0,0,0
2024-10-18T01:32:04.400Z,,,3794.4,3421,3897772740.0,0,0,0,0
2024-10-18T01:32:04.900Z,,,3795.4,3431,3909160320.0,0,0,0,0
2024-10-18T01:32:05.400Z,,,3796.4,3436,3914854920.0,0,0,0,0
2024-10-18T01:32:05.900Z,,,3796.8,3447,3927385560.0,0,0,0,0
2024-10-18T01:32:06.400Z,,,3798.0,3455,3936499440.0,0,0,0,0
2024-10-18T01:32:06.900001Z,,,3797.0,3466,3949031220.0,0,0,0,0
2024-10-18T01:32:07.400Z,,,3797.8,3491,3977513640.0,0,0,0,0
2024-10-18T01:32:07.900Z,,,3797.8,3492,3978652980.0,0,0,0,0
2024-10-18T01:32:08.400Z,,,3794.4,3505,3993457260.0,0,0,0,0
2024-10-18T01:32:08.900Z,,,3796.0,3519,4009393920.0,0,0,0,0
2024-10-18T01:32:09.400Z,,,3795.4,3523,4013947800.0,0,0,0,0
2024-10-18T01:32:09.900Z,,,3794.4,3531,4023054420.0,0,0,0,0
2024-10-18T01:32:10.400Z,,,3793.6,3551,4045819620.0,0,0,0,0
2024-10-18T01:32:10.900Z,,,3794.2,3557,4052649840.0,0,0,0,0
2024-10-18T01:32:11.400Z,,,3793.0,3569,4066307820.0,0,0,0,0
2024-10-18T01:32:11.900Z,,,3792.2,3572,4069721760.0,0,0,0,0
2024-10-18T01:32:12.400Z,,,3793.6,3582,4081098480.0,0,0,0,0
2024-10-18T01:32:12.900Z,,,3791.0,3586,4085648460.0,0,0,0,0
2024-10-18T01:32:13.400Z,,,3790.6,3595,4095883500.0,0,0,0,0
2024-10-18T01:32:13.900Z,,,3791.2,3608,4110669780.0,0,0,0,0
2024-10-18T01:32:14.400Z,,,3790.6,3626,4131140340.0,0,0,0,0
2024-10-18T01:32:14.900Z,,,3791.0,3639,4145925360.0,0,0,0,0
2024-10-18T01:32:15.400Z,,,3790.0,3647,4155022740.0,0,0,0,0
2024-10-18T01:32:15.900Z,,,3791.0,3658,4167532440.0,0,0,0,0
2024-10-18T01:32:16.400Z,,,3790.8,3668,4178905020.0,0,0,0,0
2024-10-18T01:32:16.900Z,,,3790.4,3675,4186864860.0,0,0,0,0
2024-10-18T01:32:17.400Z,,,3789.2,3694,4208468040.0,0,0,0,0
2024-10-18T01:32:17.900Z,,,3789.6,3702,4217562180.0,0,0,0,0
2024-10-18T01:32:18.400Z,,,3789.0,3706,4222108440.0,0,0,0,0
2024-10-18T01:32:18.900Z,,,3788.2,3715,4232337960.0,0,0,0,0
2024-10-18T01:32:19.400Z,,,3788.2,3721,4239158220.0,0,0,0,0
2024-10-18T01:32:19.900Z,,,3789.4,3732,4251662640.0,0,0,0,0
2024-10-18T01:32:20.400Z,,,3789.2,3758,4281221100.0,0,0,0,0
2024-10-18T01:32:20.900Z,,,3789.2,3761,4284631380.0,0,0,0,0
2024-10-18T01:32:21.400Z,,,3789.4,3778,4303961340.0,0,0,0,0
2024-10-18T01:32:21.900Z,,,3789.2,3791,4318744620.0,0,0,0,0
2024-10-18T01:32:22.400Z,,,3789.8,3794,4322155380.0,0,0,0,0
2024-10-18T01:32:22.900Z,,,3790.8,3801,4330116060.0,0,0,0,0
2024-10-18T01:32:23.400Z,,,3789.4,3811,4341488580.0,0,0,0,0
2024-10-18T01:32:23.900Z,,,3790.6,3814,4344900060.0,0,0,0,0
2024-10-18T01:32:24.400Z,,,3789.2,3821,4352859240.0,0,0,0,0
2024-10-18T01:32:24.900Z,,,3789.8,3829,4361954760.0,0,0,0,0
2024-10-18T01:32:25.400Z,,,3790.4,3833,4366503480.0,0,0,0,0
2024-10-18T01:32:25.900Z,,,3790.0,3838,4372189200.0,0,0,0,0
2024-10-18T01:32:26.400Z,,,3790.2,3846,4381286700.0,0,0,0,0
2024-10-18T01:32:26.900Z,,,3790.2,3849,4384697880.0,0,0,0,0
2024-10-18T01:32:27.400Z,,,3790.0,3860,4397205660.0,0,0,0,0
2024-10-18T01:32:27.900Z,,,3790.4,3880,4419947160.0,0,0,0,0
2024-10-18T01:32:28.400Z,,,3789.8,3884,4424494860.0,0,0,0,0
2024-10-18T01:32:28.900Z,,,3789.4,3888,4429041960.0,0,0,0,0
2024-10-18T01:32:29.400Z,,,3790.2,3906,4449503700.0,0,0,0,0
2024-10-18T01:32:29.900Z,,,3789.2,3908,4451777340.0,0,0,0,0
2024-10-18T01:32:30.400Z,,,3789.0,3918,4463144940.0,0,0,0,0
2024-10-18T01:32:30.900Z,,,3789.6,3924,4469966520.0,0,0,0,0
2024-10-18T01:32:31.400Z,,,3790.2,3929,4475651100.0,0,0,0,0
2024-10-18T01:32:31.900Z,,,3789.4,3935,4482472740.0,0,0,0,0
2024-10-18T01:32:32.400Z,,,3789.4,3942,4490430960.0,0,0,0,0
2024-10-18T01:32:32.900Z,,,3789.4,3946,4494978240.0,0,0,0,0
2024-10-18T01:32:33.400Z,,,3789.4,3948,4497251880.0,0,0,0,0
2024-10-18T01:32:33.900Z,,,3789.0,3956,4506347940.0,0,0,0,0
2024-10-18T01:32:34.400Z,,,3789.4,3960,4510895220.0,0,0,0,0
2024-10-18T01:32:34.900Z,,,3789.6,3973,4525676820.0,0,0,0,0
2024-10-18T01:32:35.400Z,,,3790.4,3975,4527951060.0,0,0,0,0
2024-10-18T01:32:35.900Z,,,3790.0,3982,4535912820.0,0,0,0,0
2024-10-18T01:32:36.400Z,,,3790.4,3990,4545009780.0,0,0,0,0
2024-10-18T01:32:36.900Z,,,3790.4,3994,4549558260.0,0,0,0,0
2024-10-18T01:32:37.400Z,,,3790.4,4003,4559791620.0,0,0,0,0
2024-10-18T01:32:37.900Z,,,3790.6,4009,4566614220.0,0,0,0,0
2024-10-18T01:32:38.400Z,,,3790.6,4019,4577984940.0,0,0,0,0
2024-10-18T01:32:38.900Z,,,3789.4,4021,4580258640.0,0,0,0,0
2024-10-18T01:32:39.400Z,,,3789.2,4028,4588216620.0,0,0,0,0
2024-10-18T01:32:39.900Z,,,3790.0,4035,4596176820.0,0,0,0,0
2024-10-18T01:32:40.400Z,,,3789.6,4038,4599587520.0,0,0,0,0
2024-10-18T01:32:40.900Z,,,3789.6,4040,4601861580.0,0,0,0,0
2024-10-18T01:32:41.400Z,,,3790.4,4043,4605272460.0,0,0,0,0
2024-10-18T01:32:41.900Z,,,3789.8,4050,4613231760.0,0,0,0,0
2024-10-18T01:32:42.400Z,,,3790.6,4053,4616643300.0,0,0,0,0
2024-10-18T01:32:42.900Z,,,3790.4,4056,4620054540.0,0,0,0,0
2024-10-18T01:32:43.400Z,,,3790.2,4061,4625740080.0,0,0,0,0
2024-10-18T01:32:43.900Z,,,3789.6,4068,4633698360.0,0,0,0,0
2024-10-18T01:32:44.400Z,,,3789.0,4070,4635971940.0,0,0,0,0
2024-10-18T01:32:44.900Z,,,3789.0,4081,4648475700.0,0,0,0,0
2024-10-18T01:32:45.400Z,,,3788.6,4108,4679166120.0,0,0,0,0
2024-10-18T01:32:45.900Z,,,3788.6,4111,4682575980.0,0,0,0,0
2024-10-18T01:32:46.400Z,,,3789.0,4119,4691669640.0,0,0,0,0
2024-10-18T01:32:46.900Z,,,3788.4,4128,4701899700.0,0,0,0,0
2024-10-18T01:32:47.400Z,,,3788.4,4130,4704172740.0,0,0,0,0
2024-10-18T01:32:47.900Z,,,3789.0,4139,4714402440.0,0,0,0,0
2024-10-18T01:32:48.400Z,,,3788.0,4147,4723494060.0,0,0,0,0
2024-10-18T01:32:48.900Z,,,3788.0,4169,4748496180.0,0,0,0,0
2024-10-18T01:32:49.400Z,,,3788.8,4176,4756451340.0,0,0,0,0
2024-10-18T01:32:49.900Z,,,3787.6,4179,4759860120.0,0,0,0,0
2024-10-18T01:32:50.400Z,,,3786.2,4184,4765540320.0,0,0,0,0
2024-10-18T01:32:50.900Z,,,3786.2,4186,4767812040.0,0,0,0,0
2024-10-18T01:32:51.400Z,,,3787.0,4189,4771220340.0,0,0,0,0
2024-10-18T01:32:51.900Z,,,3787.0,4193,4775764260.0,0,0,0,0
2024-10-18T01:32:52.400Z,,,3786.2,4195,4778036220.0,0,0,0,0
2024-10-18T01:32:52.900Z,,,3786.8,4205,4789395600.0,0,0,0,0
2024-10-18T01:32:53.400Z,,,3787.0,4212,4797347640.0,0,0,0,0
2024-10-18T01:32:53.900Z,,,3787.2,4215,4800756120.0,0,0,0,0
2024-10-18T01:32:54.400Z,,,3786.6,4220,4806436200.0,0,0,0,0
2024-10-18T01:32:54.900Z,,,3786.6,4223,4809844080.0,0,0,0,0
2024-10-18T01:32:55.400Z,,,3786.6,4233,4821202620.0,0,0,0,0
2024-10-18T01:32:55.900Z,,,3786.6,4240,4829154240.0,0,0,0,0
2024-10-18T01:32:56.400Z,,,3786.8,4253,4843923600.0,0,0,0,0
2024-10-18T01:32:56.900Z,,,3787.2,4265,4857558720.0,0,0,0,0
2024-10-18T01:32:57.400Z,,,3787.6,4272,4865513400.0,0,0,0,0
2024-10-18T01:32:57.900Z,,,3788.0,4276,4870059420.0,0,0,0,0
2024-10-18T01:32:58.400Z,,,3788.8,4285,4880287800.0,0,0,0,0
2024-10-18T01:32:58.900Z,,,3787.4,4289,4884832560.0,0,0,0,0
2024-10-18T01:32:59.400Z,,,3787.4,4302,4899602640.0,0,0,0,0
2024-10-18T01:32:59.900Z,,,3787.4,4308,4906420020.0,0,0,0,0
2024-10-18T01:33:00.400Z,,,3787.4,4320,4920055140.0,0,0,0,0
2024-10-18T01:33:00.900Z,,,3787.2,4324,4924599960.0,0,0,0,0
2024-10-18T01:33:01.400Z,,,3787.4,4329,4930281060.0,0,0,0,0
2024-10-18T01:33:01.900Z,,,3786.6,4345,4948458420.0,0,0,0,0
2024-10-18T01:33:02.400Z,,,3786.4,4364,4970039640.0,0,0,0,0
2024-10-18T01:33:02.900Z,,,3786.2,4369,4975718220.0,0,0,0,0
2024-10-18T01:33:03.400Z,,,3785.4,4387,4996157400.0,0,0,0,0
2024-10-18T01:33:03.900Z,,,3784.6,4390,4999563240.0,0,0,0,0
2024-10-18T01:33:04.400Z,,,3784.2,4403,5014321320.0,0,0,0,0
2024-10-18T01:33:04.900Z,,,3785.4,4419,5032487820.0,0,0,0,0
2024-10-18T01:33:05.400Z,,,3785.2,4428,5042707680.0,0,0,0,0
2024-10-18T01:33:05.900Z,,,3784.0,4435,5050655040.0,0,0,0,0
2024-10-18T01:33:06.400Z,,,3784.4,4450,5067688200.0,0,0,0,0
2024-10-18T01:33:06.900Z,,,3784.4,4485,5107424340.0,0,0,0,0
2024-10-18T01:33:07.400Z,,,3784.2,4497,5121047460.0,0,0,0,0
2024-10-18T01:33:07.900Z,,,3784.4,4506,5131266060.0,0,0,0,0
2024-10-18T01:33:08.400Z,,,3784.6,4528,5156244180.0,0,0,0,0
2024-10-18T01:33:08.900Z,,,3784.2,4539,5168731980.0,0,0,0,0
2024-10-18T01:33:09.400Z,,,3784.2,4550,5181220440.0,0,0,0,0
2024-10-18T01:33:09.900Z,,,3784.6,4556,5188033320.0,0,0,0,0
2024-10-18T01:33:10.400Z,,,3784.6,4562,5194846080.0,0,0,0,0
2024-10-18T01:33:10.900Z,,,3784.6,4564,5197116840.0,0,0,0,0
2024-10-18T01:33:11.400Z,,,3786.0,4571,5205066000.0,0,0,0,0
2024-10-18T01:33:11.900Z,,,3784.4,4593,5230045920.0,0,0,0,0
2024-10-18T01:33:12.400Z,,,3785.0,4599,5236858560.0,0,0,0,0
2024-10-18T01:33:12.900Z,,,3785.8,4605,5243671320.0,0,0,0,0
2024-10-18T01:33:13.400Z,,,3786.2,4610,5249350320.0,0,0,0,0
2024-10-18T01:33:13.900Z,,,3786.8,4613,5252758260.0,0,0,0,0
2024-10-18T01:33:14.400Z,,,3785.2,4639,5282291940.0,0,0,0,0
2024-10-18T01:33:14.900Z,,,3785.2,4646,5290240860.0,0,0,0,0
2024-10-18T01:33:15.400Z,,,3786.6,4653,5298192900.0,0,0,0,0
2024-10-18T01:33:15.900Z,,,3785.8,4661,5307279660.0,0,0,0,0
2024-10-18T01:33:16.400Z,,,3785.2,4681,5329992780.0,0,0,0,0
2024-10-18T01:33:16.900Z,,,3785.4,4687,5336807700.0,0,0,0,0
2024-10-18T01:33:17.400Z,,,3786.6,4694,5344758780.0,0,0,0,0
2024-10-18T01:33:17.900Z,,,3786.6,4696,5347030740.0,0,0,0,0
2024-10-18T01:33:18.400Z,,,3786.8,4700,5351574900.0,0,0,0,0
2024-10-18T01:33:18.900Z,,,3786.8,4704,5356119300.0,0,0,0,0
2024-10-18T01:33:19.400Z,,,3785.4,4718,5372018040.0,0,0,0,0
2024-10-18T01:33:19.900Z,,,3785.4,4719,5373153660.0,0,0,0,0
2024-10-18T01:33:20.400Z,,,3785.0,4735,5391320040.0,0,0,0,0
2024-10-18T01:33:20.900Z,,,3784.2,4749,5407217220.0,0,0,0,0
2024-10-18T01:33:21.400Z,,,3785.4,4760,5419708500.0,0,0,0,0
2024-10-18T01:33:21.900Z,,,3784.2,4764,5424250200.0,0,0,0,0
2024-10-18T01:33:22.400Z,,,3785.4,4775,5436738780.0,0,0,0,0
2024-10-18T01:33:22.900Z,,,3783.8,4781,5443549740.0,0,0,0,0
2024-10-18T01:33:23.400Z,,,3783.8,4801,5466253560.0,0,0,0,0
2024-10-18T01:33:23.900Z,,,3783.8,4806,5471929620.0,0,0,0,0
2024-10-18T01:33:24.400Z,,,3783.8,4812,5478740460.0,0,0,0,0
2024-10-18T01:33:24.900Z,,,3783.8,4823,5491227780.0,0,0,0,0
2024-10-18T01:33:25.400Z,,,3784.4,4837,5507122920.0,0,0,0,0
2024-10-18T01:33:25.900Z,,,3785.4,4849,5520750060.0,0,0,0,0
2024-10-18T01:33:26.400Z,,,3784.0,4864,5537783100.0,0,0,0,0
2024-10-18T01:33:26.900Z,,,3785.2,4868,5542324560.0,0,0,0,0
2024-10-18T01:33:27.400Z,,,3785.8,4880,5555952360.0,0,0,0,0
2024-10-18T01:33:27.900Z,,,3786.0,4893,5570717340.0,0,0,0,0
2024-10-18T01:33:28.400Z,,,3785.8,4898,5576396280.0,0,0,0,0
2024-10-18T01:33:28.900Z,,,3785.8,4899,5577532020.0,0,0,0,0
2024-10-18T01:33:29.400Z,,,3784.8,4903,5582074620.0,0,0,0,0
2024-10-18T01:33:29.900Z,,,3786.4,4905,5584346040.0,0,0,0,0
2024-10-18T01:33:30.400Z,,,3786.4,4911,5591161860.0,0,0,0,0
2024-10-18T01:33:30.900Z,,,3786.4,4923,5604794640.0,0,0,0,0
2024-10-18T01:33:31.400Z,,,3789.0,4929,5611612320.0,0,0,0,0
2024-10-18T01:33:31.900Z,,,3788.2,4932,5615021220.0,0,0,0,0
2024-10-18T01:33:32.400Z,,,3788.6,4934,5617294380.0,0,0,0,0
2024-10-18T01:33:32.900Z,,,3789.2,4938,5621841240.0,0,0,0,0
2024-10-18T01:33:33.400Z,,,3789.8,4940,5624114940.0,0,0,0,0
2024-10-18T01:33:33.900Z,,,3788.8,4951,5636620020.0,0,0,0,0
2024-10-18T01:33:34.400Z,,,3788.2,4983,5672984580.0,0,0,0,0
2024-10-18T01:33:34.900Z,,,3788.6,4988,5678667000.0,0,0,0,0
2024-10-18T01:33:35.400Z,,,3789.0,4995,5686623780.0,0,0,0,0
2024-10-18T01:33:35.900Z,,,3788.0,5000,5692305900.0,0,0,0,0
2024-10-18T01:33:36.400Z,,,3787.8,5029,5725257000.0,0,0,0,0
2024-10-18T01:33:36.900Z,,,3786.6,5039,5736617940.0,0,0,0,0
2024-10-18T01:33:37.400Z,,,3786.4,5050,5749113600.0,0,0,0,0
2024-10-18T01:33:37.900Z,,,3786.6,5051,5750249580.0,0,0,0,0
2024-10-18T01:33:38.400Z,,,3784.8,5062,5762741760.0,0,0,0,0
2024-10-18T01:33:38.900Z,,,3786.6,5063,5763877740.0,0,0,0,0
2024-10-18T01:33:39.400Z,,,3786.2,5065,5766149280.0,0,0,0,0
2024-10-18T01:33:39.900Z,,,3786.8,5070,5771829120.0,0,0,0,0
2024-10-18T01:33:40.400Z,,,3787.4,5077,5779782900.0,0,0,0,0
2024-10-18T01:33:40.900Z,,,3787.8,5081,5784328560.0,0,0,0,0
2024-10-18T01:33:41.400Z,,,3785.6,5101,5807051220.0,0,0,0,0
2024-10-18T01:33:41.900Z,,,3788.4,5106,5812733400.0,0,0,0,0
2024-10-18T01:33:42.400Z,,,3788.0,5111,5818415400.0,0,0,0,0
2024-10-18T01:33:42.900Z,,,3787.8,5115,5822960340.0,0,0,0,0
2024-10-18T01:33:43.400Z,,,3787.8,5121,5829778680.0,0,0,0,0
2024-10-18T01:33:43.900Z,,,3789.6,5130,5840006760.0,0,0,0,0
2024-10-18T01:33:44.400Z,,,3786.0,5140,5851368840.0,0,0,0,0
2024-10-18T01:33:44.900Z,,,3789.6,5144,5855915160.0,0,0,0,0
2024-10-18T01:33:45.400Z,,,3788.4,5145,5857051680.0,0,0,0,0
2024-10-18T01:33:45.900Z,,,3789.0,5147,5859325140.0,0,0,0,0
2024-10-18T01:33:46.400Z,,,3788.6,5151,5863871700.0,0,0,0,0
2024-10-18T01:33:46.900Z,,,3789.6,5166,5880918960.0,0,0,0,0
2024-10-18T01:33:47.400Z,,,3788.4,5188,5905931460.0,0,0,0,0
2024-10-18T01:33:47.900Z,,,3789.6,5190,5908205220.0,0,0,0,0
2024-10-18T01:33:48.400Z,,,3789.6,5191,5909342100.0,0,0,0,0
2024-10-18T01:33:48.900Z,,,3787.0,5208,5928663420.0,0,0,0,0
2024-10-18T01:33:49.400Z,,,3790.2,5216,5937759540.0,0,0,0,0
2024-10-18T01:33:49.900Z,,,3789.6,5219,5941170240.0,0,0,0,0
2024-10-18T01:33:50.400Z,,,3789.8,5220,5942307180.0,0,0,0,0
2024-10-18T01:33:50.900Z,,,3790.6,5224,5946855660.0,0,0,0,0
2024-10-18T01:33:51.400Z,,,3792.0,5232,5955953460.0,0,0,0,0
2024-10-18T01:33:51.900Z,,,3792.6,5233,5957091240.0,0,0,0,0
2024-10-18T01:33:52.400Z,,,3793.8,5238,5962780980.0,0,0,0,0
2024-10-18T01:33:52.900Z,,,3793.6,5247,5973024360.0,0,0,0,0
2024-10-18T01:33:53.400Z,,,3793.0,5259,5986682700.0,0,0,0,0
2024-10-18T01:33:53.900Z,,,3793.0,5265,5993510100.0,0,0,0,0
2024-10-18T01:33:54.400Z,,,3792.6,5271,6000337380.0,0,0,0,0
2024-10-18T01:33:54.900Z,,,3794.4,5279,6009443820.0,0,0,0,0
2024-10-18T01:33:55.400Z,,,3789.2,5313,6048119640.0,0,0,0,0
2024-10-18T01:33:55.900Z,,,3791.0,5333,6070869900.0,0,0,0,0
2024-10-18T01:33:56.400Z,,,3790.6,5339,6077693340.0,0,0,0,0
2024-10-18T01:33:56.900Z,,,3785.2,5369,6111784680.0,0,0,0,0
2024-10-18T01:33:57.400Z,,,3788.2,5379,6123151860.0,0,0,0,0
2024-10-18T01:33:57.900Z,,,3788.2,5384,6128835120.0,0,0,0,0
2024-10-18T01:33:58.400Z,,,3788.6,5393,6139064820.0,0,0,0,0
2024-10-18T01:33:58.900Z,,,3788.6,5401,6148158300.0,0,0,0,0
2024-10-18T01:33:59.400Z,,,3788.6,5404,6151568040.0,0,0,0,0
2024-10-18T01:33:59.900Z,,,3789.2,5406,6153841380.0,0,0,0,0
2024-10-18T01:34:00.400Z,,,3790.2,5408,6156115440.0,0,0,0,0
2024-10-18T01:34:00.900Z,,,3790.4,5412,6160663860.0,0,0,0,0
2024-10-18T01:34:01.400Z,,,3790.4,5420,6169761060.0,0,0,0,0
2024-10-18T01:34:01.900Z,,,3790.8,5427,6177721380.0,0,0,0,0
2024-10-18T01:34:02.400Z,,,3791.0,5429,6179995980.0,0,0,0,0
2024-10-18T01:34:02.900Z,,,3791.0,5433,6184545000.0,0,0,0,0
2024-10-18T01:34:03.400Z,,,3791.0,5435,6186819420.0,0,0,0,0
2024-10-18T01:34:03.900Z,,,3791.0,5436,6187956720.0,0,0,0,0
2024-10-18T01:34:04.400Z,,,3791.2,5443,6195917940.0,0,0,0,0
2024-10-18T01:34:04.900Z,,,3790.4,5452,6206152860.0,0,0,0,0
2024-10-18T01:34:05.400Z,,,3792.0,5456,6210703440.0,0,0,0,0
2024-10-18T01:34:05.900Z,,,3792.0,5458,6212978940.0,0,0,0,0
2024-10-18T01:34:06.400Z,,,3792.0,5458,6212978940.0,0,0,0,0
2024-10-18T01:34:06.900Z,,,3793.0,5463,6218668440.0,0,0,0,0
2024-10-18T01:34:07.400Z,,,3793.0,5466,6222082140.0,0,0,0,0
2024-10-18T01:34:07.900Z,,,3794.2,5467,6223220400.0,0,0,0,0
2024-10-18T01:34:08.400Z,,,3794.2,5467,6223220400.0,0,0,0,0
2024-10-18T01:34:08.900Z,,,3794.0,5469,6225496800.0,0,0,0,0
2024-10-18T01:34:09.400Z,,,3794.4,5475,6232326660.0,0,0,0,0
2024-10-18T01:34:09.900Z,,,3794.8,5476,6233465100.0,0,0,0,0
2024-10-18T01:34:10.400Z,,,3794.8,5478,6235741980.0,0,0,0,0
2024-10-18T01:34:10.900Z,,,3795.0,5488,6247126980.0,0,0,0,0
2024-10-18T01:34:11.400Z,,,3795.4,5494,6253958220.0,0,0,0,0
2024-10-18T01:34:11.900Z,,,3795.0,5497,6257373720.0,0,0,0,0
2024-10-18T01:34:12.400Z,,,3795.0,5505,6266482320.0,0,0,0,0
2024-10-18T01:34:12.900Z,,,3795.0,5517,6280144500.0,0,0,0,0
2024-10-18T01:34:13.400Z,,,3795.6,5531,6296083860.0,0,0,0,0
2024-10-18T01:34:13.900Z,,,3795.0,5539,6305191440.0,0,0,0,0
2024-10-18T01:34:14.400Z,,,3794.6,5541,6307468440.0,0,0,0,0
2024-10-18T01:34:14.900Z,,,3795.0,5549,6316575900.0,0,0,0,0
2024-10-18T01:34:15.400Z,,,3794.4,5551,6318852540.0,0,0,0,0
2024-10-18T01:34:15.900Z,,,3793.8,5557,6325681260.0,0,0,0,0
2024-10-18T01:34:16.400Z,,,3793.8,5576,6347302440.0,0,0,0,0
2024-10-18T01:34:16.900Z,,,3792.6,5588,6360955800.0,0,0,0,0
2024-10-18T01:34:17.400Z,,,3792.4,5595,6368919000.0,0,0,0,0
2024-10-18T01:34:17.900Z,,,3792.4,5602,6376882800.0,0,0,0,0
2024-10-18T01:34:18.400Z,,,3792.0,5624,6401912520.0,0,0,0,0
2024-10-18T01:34:18.900Z,,,3793.0,5627,6405326220.0,0,0,0,0
2024-10-18T01:34:19.400Z,,,3793.8,5628,6406464360.0,0,0,0,0
2024-10-18T01:34:19.900Z,,,3792.8,5632,6411016260.0,0,0,0,0
2024-10-18T01:34:20.400Z,,,3793.6,5634,6413292420.0,0,0,0,0
2024-10-18T01:34:20.900Z,,,3793.8,5637,6416706840.0,0,0,0,0
2024-10-18T01:34:21.400Z,,,3794.8,5642,6422398800.0,0,0,0,0
2024-10-18T01:34:21.900Z,,,3793.8,5672,6456552420.0,0,0,0,0
2024-10-18T01:34:22.400Z,,,3795.0,5676,6461105940.0,0,0,0,0
2024-10-18T01:34:22.900Z,,,3795.6,5679,6464521680.0,0,0,0,0
2024-10-18T01:34:23.400Z,,,3796.0,5687,6473631780.0,0,0,0,0
2024-10-18T01:34:23.900Z,,,3796.4,5692,6479326260.0,0,0,0,0
2024-10-18T01:34:24.400Z,,,3796.2,5694,6481604100.0,0,0,0,0
2024-10-18T01:34:24.900Z,,,3797.2,5700,6488438700.0,0,0,0,0
2024-10-18T01:34:25.400Z,,,3796.0,5712,6502107300.0,0,0,0,0
2024-10-18T01:34:25.900Z,,,3795.8,5718,6508940760.0,0,0,0,0
2024-10-18T01:34:26.400Z,,,3797.4,5731,6523746960.0,0,0,0,0
2024-10-18T01:34:26.900Z,,,3797.0,5737,6530581740.0,0,0,0,0
2024-10-18T01:34:27.400Z,,,3797.4,5742,6536277480.0,0,0,0,0
2024-10-18T01:34:27.900Z,,,3793.2,5768,6565881900.0,0,0,0,0
2024-10-18T01:34:28.400Z,,,3797.6,5774,6572717340.0,0,0,0,0
2024-10-18T01:34:28.900Z,,,3797.8,5784,6584110020.0,0,0,0,0
2024-10-18T01:34:29.400Z,,,3795.8,5812,6615994260.0,0,0,0,0
2024-10-18T01:34:29.900Z,,,3797.6,5817,6621690720.0,0,0,0,0
2024-10-18T01:34:30.400Z,,,3797.4,5820,6625108080.0,0,0,0,0
2024-10-18T01:34:30.900Z,,,3795.6,5829,6635357400.0,0,0,0,0
2024-10-18T01:34:31.400Z,,,3794.4,5843,6651297600.0,0,0,0,0
2024-10-18T01:34:31.900Z,,,3796.2,5853,6662683080.0,0,0,0,0
2024-10-18T01:34:32.400Z,,,3796.6,5871,6683184120.0,0,0,0,0
2024-10-18T01:34:32.900Z,,,3796.6,5878,6691156860.0,0,0,0,0
2024-10-18T01:34:33.400Z,,,3797.0,5882,6695713260.0,0,0,0,0
2024-10-18T01:34:33.900Z,,,3797.8,5888,6702549180.0,0,0,0,0
2024-10-18T01:34:34.400Z,,,3798.2,5894,6709385940.0,0,0,0,0
2024-10-18T01:34:34.900Z,,,3798.4,5908,6725340360.0,0,0,0,0
2024-10-18T01:34:35.400Z,,,3798.2,5910,6727619400.0,0,0,0,0
2024-10-18T01:34:35.900Z,,,3798.8,5919,6737875080.0,0,0,0,0
2024-10-18T01:34:36.400Z,,,3798.6,5925,6744712440.0,0,0,0,0
2024-10-18T01:34:36.900Z,,,3798.4,5930,6750410040.0,0,0,0,0
2024-10-18T01:34:37.400Z,,,3798.8,5938,6759526980.0,0,0,0,0
2024-10-18T01:34:37.900Z,,,3799.6,5940,6761806740.0,0,0,0,0
2024-10-18T01:34:38.400Z,,,3800.0,5950,6773206080.0,0,0,0,0
2024-10-18T01:34:38.900Z,,,3800.0,5955,6778905480.0,0,0,0,0
2024-10-18T01:34:39.400Z,,,3800.0,5959,6783465000.0,0,0,0,0
2024-10-18T01:34:39.900Z,,,3800.0,5964,6789163980.0,0,0,0,0
2024-10-18T01:34:40.400Z,,,3800.0,5967,6792583860.0,0,0,0,0
2024-10-18T01:34:40.900Z,,,3799.6,5979,6806263320.0,0,0,0,0
2024-10-18T01:34:41.400Z,,,3799.8,5990,6818803020.0,0,0,0,0
2024-10-18T01:34:41.900Z,,,3799.8,5998,6827923260.0,0,0,0,0
2024-10-18T01:34:42.400Z,,,3800.2,6003,6833623320.0,0,0,0,0
2024-10-18T01:34:42.900Z,,,3800.4,6011,6842743860.0,0,0,0,0
2024-10-18T01:34:43.400Z,,,3800.6,6014,6846164400.0,0,0,0,0
2024-10-18T01:34:43.900Z,,,3800.8,6027,6860986800.0,0,0,0,0
2024-10-18T01:34:44.400Z,,,3800.8,6033,6867828060.0,0,0,0,0
2024-10-18T01:34:44.900Z,,,3801.0,6037,6872389140.0,0,0,0,0
2024-10-18T01:34:45.400Z,,,3800.8,6045,6881511480.0,0,0,0,0
2024-10-18T01:34:45.900Z,,,3801.0,6048,6884931960.0,0,0,0,0
2024-10-18T01:34:46.400Z,,,3800.8,6056,6894054060.0,0,0,0,0
2024-10-18T01:34:46.900Z,,,3800.8,6077,6917999100.0,0,0,0,0
2024-10-18T01:34:47.400Z,,,3800.4,6094,6937383480.0,0,0,0,0
2024-10-18T01:34:47.900Z,,,3801.2,6100,6944225580.0,0,0,0,0
2024-10-18T01:34:48.400Z,,,3801.4,6107,6952208700.0,0,0,0,0
2024-10-18T01:34:48.900Z,,,3801.2,6111,6956770320.0,0,0,0,0
2024-10-18T01:34:49.400Z,,,3801.6,6115,6961332300.0,0,0,0,0
2024-10-18T01:34:49.900Z,,,3801.8,6121,6968175420.0,0,0,0,0
2024-10-18T01:34:50.400Z,,,3802.0,6127,6975018420.0,0,0,0,0
2024-10-18T01:34:50.900Z,,,3802.0,6139,6988704840.0,0,0,0,0
2024-10-18T01:34:51.400Z,,,3801.6,6147,6997829520.0,0,0,0,0
2024-10-18T01:34:51.900Z,,,3801.2,6150,7001250720.0,0,0,0,0
2024-10-18T01:34:52.400Z,,,3801.6,6171,7025198340.0,0,0,0,0
2024-10-18T01:34:52.900Z,,,3801.6,6187,7043443620.0,0,0,0,0
2024-10-18T01:34:53.400Z,,,3801.4,6190,7046864520.0,0,0,0,0
2024-10-18T01:34:53.900Z,,,3801.4,6194,7051426320.0,0,0,0,0
2024-10-18T01:34:54.400Z,,,3801.6,6206,7065111600.0,0,0,0,0
2024-10-18T01:34:54.900Z,,,3801.2,6208,7067392260.0,0,0,0,0
2024-10-18T01:34:55.400Z,,,3801.2,6215,7075375260.0,0,0,0,0
2024-10-18T01:34:55.900Z,,,3801.6,6220,7081077060.0,0,0,0,0
2024-10-18T01:34:56.400Z,,,3801.4,6223,7084498200.0,0,0,0,0
2024-10-18T01:34:56.900Z,,,3801.2,6228,7090200180.0,0,0,0,0
2024-10-18T01:34:57.400Z,,,3801.6,6234,7097043180.0,0,0,0,0
2024-10-18T01:34:57.900Z,,,3801.8,6236,7099324260.0,0,0,0,0
2024-10-18T01:34:58.400Z,,,3801.8,6241,7105026780.0,0,0,0,0
2024-10-18T01:34:58.900Z,,,3802.0,6245,7109589180.0,0,0,0,0
2024-10-18T01:34:59.400Z,,,3802.8,6247,7111870860.0,0,0,0,0
2024-10-18T01:34:59.900Z,,,3803.0,6253,7118715840.0,0,0,0,0
2024-10-18T01:35:00.400Z,,,3802.8,6270,7138109700.0,0,0,0,0
2024-10-18T01:35:00.900Z,,,3803.2,6281,7150659660.0,0,0,0,0
2024-10-18T01:35:01.400Z,,,3804.8,6296,7167777120.0,0,0,0,0
2024-10-18T01:35:01.900Z,,,3803.6,6302,7174623600.0,0,0,0,0
2024-10-18T01:35:02.400001Z,,,3805.0,6314,7188319980.0,0,0,0,0
2024-10-18T01:35:02.900Z,,,3804.2,6329,7205441160.0,0,0,0,0
2024-10-18T01:35:03.400Z,,,3805.0,6334,7211148420.0,0,0,0,0
2024-10-18T01:35:03.900Z,,,3805.4,6339,7216856580.0,0,0,0,0
2024-10-18T01:35:04.400Z,,,3805.6,6348,7227132480.0,0,0,0,0
2024-10-18T01:35:04.900Z,,,3806.8,6356,7236268200.0,0,0,0,0
2024-10-18T01:35:05.400Z,,,3806.6,6379,7262533800.0,0,0,0,0
2024-10-18T01:35:05.900Z,,,3807.2,6392,7277380380.0,0,0,0,0
2024-10-18T01:35:06.400Z,,,3806.6,6413,7301366640.0,0,0,0,0
2024-10-18T01:35:06.900Z,,,3806.8,6424,7313929080.0,0,0,0,0
2024-10-18T01:35:07.400Z,,,3807.2,6430,7320781920.0,0,0,0,0
2024-10-18T01:35:07.900Z,,,3807.8,6450,7343628960.0,0,0,0,0
2024-10-18T01:35:08.400Z,,,3807.6,6477,7374470820.0,0,0,0,0
2024-10-18T01:35:08.900Z,,,3808.6,6498,7398462180.0,0,0,0,0
2024-10-18T01:35:09.400Z,,,3808.8,6520,7423598820.0,0,0,0,0
2024-10-18T01:35:09.900Z,,,3808.6,6527,7431596700.0,0,0,0,0
2024-10-18T01:35:10.400Z,,,3809.0,6538,7444165560.0,0,0,0,0
2024-10-18T01:35:10.900Z,,,3808.8,6551,7459020120.0,0,0,0,0
2024-10-18T01:35:11.400Z,,,3808.2,6581,7493290140.0,0,0,0,0
2024-10-18T01:35:11.900Z,,,3806.6,6590,7503568200.0,0,0,0,0
2024-10-18T01:35:12.400Z,,,3806.4,6614,7530973680.0,0,0,0,0
2024-10-18T01:35:12.900Z,,,3805.8,6626,7544674560.0,0,0,0,0
2024-10-18T01:35:13.400Z,,,3804.6,6636,7556087760.0,0,0,0,0
2024-10-18T01:35:13.900Z,,,3803.4,6653,7575485100.0,0,0,0,0
2024-10-18T01:35:14.400Z,,,3802.8,6663,7586894700.0,0,0,0,0
2024-10-18T01:35:14.900Z,,,3802.6,6665,7589176260.0,0,0,0,0
2024-10-18T01:35:15.400Z,,,3802.2,6682,7608565860.0,0,0,0,0
2024-10-18T01:35:15.900Z,,,3801.0,6686,7613127540.0,0,0,0,0
2024-10-18T01:35:16.400Z,,,3801.6,6701,7630234200.0,0,0,0,0
2024-10-18T01:35:16.900Z,,,3801.6,6724,7656467160.0,0,0,0,0
2024-10-18T01:35:17.400Z,,,3802.4,6742,7677000660.0,0,0,0,0
2024-10-18T01:35:17.900Z,,,3804.2,6748,7683848220.0,0,0,0,0
2024-10-18T01:35:18.400Z,,,3804.0,6754,7690695540.0,0,0,0,0
2024-10-18T01:35:18.900Z,,,3804.2,6764,7702108020.0,0,0,0,0
2024-10-18T01:35:19.400Z,,,3803.4,6778,7718084280.0,0,0,0,0
2024-10-18T01:35:19.900Z,,,3803.8,6783,7723789980.0,0,0,0,0
2024-10-18T01:35:20.400Z,,,3803.0,6792,7734059400.0,0,0,0,0
2024-10-18T01:35:20.900Z,,,3803.8,6805,7748894100.0,0,0,0,0
2024-10-18T01:35:21.400Z,,,3803.8,6812,7756881480.0,0,0,0,0
2024-10-18T01:35:21.900Z,,,3803.8,6823,7769434320.0,0,0,0,0
2024-10-18T01:35:22.400Z,,,3803.6,6830,7777421880.0,0,0,0,0
2024-10-18T01:35:22.900Z,,,3803.6,6835,7783127280.0,0,0,0,0
2024-10-18T01:35:23.400Z,,,3803.6,6841,7789973760.0,0,0,0,0
2024-10-18T01:35:23.900Z,,,3804.2,6852,7802526120.0,0,0,0,0
2024-10-18T01:35:24.400Z,,,3803.6,6861,7812796680.0,0,0,0,0
2024-10-18T01:35:24.900Z,,,3803.6,6874,7827630780.0,0,0,0,0
2024-10-18T01:35:25.400Z,,,3803.2,6879,7833335580.0,0,0,0,0
2024-10-18T01:35:25.900Z,,,3803.0,6882,7836758160.0,0,0,0,0
2024-10-18T01:35:26.400Z,,,3802.6,6890,7845884040.0,0,0,0,0
2024-10-18T01:35:26.900Z,,,3802.2,6900,7857290700.0,0,0,0,0
2024-10-18T01:35:27.400Z,,,3802.0,6908,7866414960.0,0,0,0,0
2024-10-18T01:35:27.900Z,,,3802.2,6912,7870977420.0,0,0,0,0
2024-10-18T01:35:28.400Z,,,3802.4,6914,7873258860.0,0,0,0,0
2024-10-18T01:35:28.900Z,,,3802.2,6916,7875540180.0,0,0,0,0
2024-10-18T01:35:29.400Z,,,3801.0,6923,7883523960.0,0,0,0,0
2024-10-18T01:35:29.900Z,,,3801.6,6924,7884664440.0,0,0,0,0
2024-10-18T01:35:30.400Z,,,3802.2,6926,7886945880.0,0,0,0,0
2024-10-18T01:35:30.900Z,,,3802.6,6930,7891509300.0,0,0,0,0
2024-10-18T01:35:31.400Z,,,3802.8,6937,7899495300.0,0,0,0,0
2024-10-18T01:35:31.900Z,,,3802.2,6950,7914326040.0,0,0,0,0
2024-10-18T01:35:32.400Z,,,3802.6,6962,7928013420.0,0,0,0,0
2024-10-18T01:35:32.900Z,,,3802.2,6966,7932575340.0,0,0,0,0
2024-10-18T01:35:33.400Z,,,3802.6,6968,7934856900.0,0,0,0,0
2024-10-18T01:35:33.900Z,,,3801.8,6975,7942840680.0,0,0,0,0
2024-10-18T01:35:34.400Z,,,3801.8,6979,7947402660.0,0,0,0,0
2024-10-18T01:35:34.900Z,,,3801.4,6981,7949683380.0,0,0,0,0
2024-10-18T01:35:35.400Z,,,3800.2,6989,7958805480.0,0,0,0,0
2024-10-18T01:35:35.900Z,,,3800.0,6994,7964505780.0,0,0,0,0
2024-10-18T01:35:36.400Z,,,3800.8,7017,7990724640.0,0,0,0,0
2024-10-18T01:35:36.900Z,,,3799.2,7018,7991864400.0,0,0,0,0
2024-10-18T01:35:37.400Z,,,3799.8,7020,7994144340.0,0,0,0,0
2024-10-18T01:35:37.900Z,,,3800.0,7034,8010104820.0,0,0,0,0
2024-10-18T01:35:38.400Z,,,3800.8,7039,8015806080.0,0,0,0,0
2024-10-18T01:35:38.900Z,,,3801.0,7061,8040892920.0,0,0,0,0
2024-10-18T01:35:39.400Z,,,3800.8,7069,8050015200.0,0,0,0,0
2024-10-18T01:35:39.900Z,,,3800.8,7071,8052295680.0,0,0,0,0
2024-10-18T01:35:40.400Z,,,3800.8,7072,8053435920.0,0,0,0,0
2024-10-18T01:35:40.900Z,,,3800.8,7078,8060276520.0,0,0,0,0
2024-10-18T01:35:41.400Z,,,3800.2,7083,8065977720.0,0,0,0,0
2024-10-18T01:35:41.900Z,,,3801.8,7084,8067118260.0,0,0,0,0
2024-10-18T01:35:42.400Z,,,3800.6,7086,8069398620.0,0,0,0,0
2024-10-18T01:35:42.900Z,,,3800.4,7087,8070538740.0,0,0,0,0
2024-10-18T01:35:43.400Z,,,3800.0,7097,8081938740.0,0,0,0,0
2024-10-18T01:35:43.900Z,,,3799.6,7100,8085358260.0,0,0,0,0
2024-10-18T01:35:44.400Z,,,3799.0,7101,8086497960.0,0,0,0,0
2024-10-18T01:35:44.900Z,,,3799.0,7106,8092196460.0,0,0,0,0
2024-10-18T01:35:45.400Z,,,3799.0,7111,8097894960.0,0,0,0,0
2024-10-18T01:35:45.900Z,,,3798.4,7114,8101313880.0,0,0,0,0
2024-10-18T01:35:46.400Z,,,3798.8,7122,8110429800.0,0,0,0,0
2024-10-18T01:35:46.900Z,,,3798.4,7129,8118406140.0,0,0,0,0
2024-10-18T01:35:47.400Z,,,3798.4,7135,8125243260.0,0,0,0,0
2024-10-18T01:35:47.900Z,,,3798.4,7136,8126382780.0,0,0,0,0
2024-10-18T01:35:48.400Z,,,3797.8,7137,8127522120.0,0,0,0,0
2024-10-18T01:35:48.900Z,,,3798.0,7141,8132079420.0,0,0,0,0
2024-10-18T01:35:49.400Z,,,3798.0,7142,8133218820.0,0,0,0,0
2024-10-18T01:35:49.900Z,,,3798.0,7142,8133218820.0,0,0,0,0
2024-10-18T01:35:50.400Z,,,3797.4,7143,8134358040.0,0,0,0,0
2024-10-18T01:35:50.900Z,,,3798.2,7160,8153724660.0,0,0,0,0
2024-10-18T01:35:51.400Z,,,3797.0,7168,8162837160.0,0,0,0,0
2024-10-18T01:35:51.900Z,,,3796.8,7170,8165115060.0,0,0,0,0
2024-10-18T01:35:52.400Z,,,3795.6,7171,8166253740.0,0,0,0,0
2024-10-18T01:35:52.900Z,,,3795.6,7171,8166253740.0,0,0,0,0
2024-10-18T01:35:53.400Z,,,3795.6,7174,8169669420.0,0,0,0,0
2024-10-18T01:35:53.900Z,,,3793.2,7199,8198137440.0,0,0,0,0
2024-10-18T01:35:54.400Z,,,3795.6,7206,8206107960.0,0,0,0,0
2024-10-18T01:35:54.900Z,,,3795.6,7215,8216356080.0,0,0,0,0
2024-10-18T01:35:55.400Z,,,3793.0,7229,8232290520.0,0,0,0,0
2024-10-18T01:35:55.900Z,,,3795.0,7237,8241394680.0,0,0,0,0
2024-10-18T01:35:56.400Z,,,3793.4,7248,8253915060.0,0,0,0,0
2024-10-18T01:35:56.900Z,,,3795.0,7254,8260744260.0,0,0,0,0
2024-10-18T01:35:57.400Z,,,3794.6,7260,8267574360.0,0,0,0,0
2024-10-18T01:35:57.900Z,,,3794.0,7261,8268712560.0,0,0,0,0
2024-10-18T01:35:58.400Z,,,3794.0,7265,8273265360.0,0,0,0,0
2024-10-18T01:35:58.900Z,,,3793.4,7277,8286922320.0,0,0,0,0
2024-10-18T01:35:59.400Z,,,3793.8,7282,8292613380.0,0,0,0,0
2024-10-18T01:35:59.900Z,,,3795.6,7293,8305137420.0,0,0,0,0
2024-10-18T01:36:00.400Z,,,3795.0,7305,8318801940.0,0,0,0,0
2024-10-18T01:36:00.900Z,,,3795.0,7307,8321078940.0,0,0,0,0
2024-10-18T01:36:01.400Z,,,3795.4,7308,8322217560.0,0,0,0,0
2024-10-18T01:36:01.900Z,,,3796.0,7316,8331327000.0,0,0,0,0
2024-10-18T01:36:02.400Z,,,3796.6,7325,8341577820.0,0,0,0,0
2024-10-18T01:36:02.900Z,,,3796.6,7334,8351828940.0,0,0,0,0
2024-10-18T01:36:03.400Z,,,3796.6,7337,8355245940.0,0,0,0,0
2024-10-18T01:36:03.900Z,,,3796.2,7340,8358662400.0,0,0,0,0
2024-10-18T01:36:04.400Z,,,3796.6,7342,8360940360.0,0,0,0,0
2024-10-18T01:36:04.900Z,,,3796.8,7351,8371191840.0,0,0,0,0
2024-10-18T01:36:05.400Z,,,3796.8,7354,8374608960.0,0,0,0,0
2024-10-18T01:36:05.900Z,,,3796.4,7359,8380303440.0,0,0,0,0
2024-10-18T01:36:06.400Z,,,3796.0,7374,8397385440.0,0,0,0,0
2024-10-18T01:36:06.900Z,,,3795.0,7383,8407632060.0,0,0,0,0
2024-10-18T01:36:07.400Z,,,3793.8,7394,8420151840.0,0,0,0,0
2024-10-18T01:36:07.900Z,,,3793.4,7404,8431531740.0,0,0,0,0
2024-10-18T01:36:08.400Z,,,3794.2,7410,8438360040.0,0,0,0,0
2024-10-18T01:36:08.900Z,,,3794.2,7415,8444050440.0,0,0,0,0
2024-10-18T01:36:09.400Z,,,3794.4,7419,8448603720.0,0,0,0,0
2024-10-18T01:36:09.900Z,,,3794.4,7420,8449742040.0,0,0,0,0
2024-10-18T01:36:10.400Z,,,3793.4,7426,8456571000.0,0,0,0,0
2024-10-18T01:36:10.900Z,,,3793.4,7427,8457709020.0,0,0,0,0
2024-10-18T01:36:11.400Z,,,3795.0,7434,8465678100.0,0,0,0,0
2024-10-18T01:36:11.900Z,,,3795.2,7442,8474786400.0,0,0,0,0
2024-10-18T01:36:12.400Z,,,3795.4,7451,8485033980.0,0,0,0,0
2024-10-18T01:36:12.900Z,,,3795.6,7454,8488450020.0,0,0,0,0
2024-10-18T01:36:13.400Z,,,3797.8,7456,8490728400.0,0,0,0,0
2024-10-18T01:36:13.900Z,,,3798.0,7459,8494145880.0,0,0,0,0
2024-10-18T01:36:14.400Z,,,3798.2,7461,8496424800.0,0,0,0,0
2024-10-18T01:36:14.900Z,,,3798.4,7467,8503261740.0,0,0,0,0
2024-10-18T01:36:15.400Z,,,3799.0,7471,8507820540.0,0,0,0,0
2024-10-18T01:36:15.900Z,,,3799.0,7475,8512379340.0,0,0,0,0
2024-10-18T01:36:16.400Z,,,3800.0,7491,8530619400.0,0,0,0,0
2024-10-18T01:36:16.900Z,,,3799.6,7495,8535179460.0,0,0,0,0
2024-10-18T01:36:17.400Z,,,3799.6,7502,8543158440.0,0,0,0,0
2024-10-18T01:36:17.900Z,,,3800.4,7507,8548858800.0,0,0,0,0
2024-10-18T01:36:18.400Z,,,3799.2,7512,8554557540.0,0,0,0,0
2024-10-18T01:36:18.900Z,,,3799.4,7518,8561396640.0,0,0,0,0
2024-10-18T01:36:19.400Z,,,3799.4,7519,8562536460.0,0,0,0,0
2024-10-18T01:36:19.900Z,,,3800.4,7525,8569376940.0,0,0,0,0
2024-10-18T01:36:20.400Z,,,3800.4,7525,8569376940.0,0,0,0,0
2024-10-18T01:36:20.900Z,,,3801.4,7528,8572798080.0,0,0,0,0
2024-10-18T01:36:21.400Z,,,3800.8,7537,8583061680.0,0,0,0,0
2024-10-18T01:36:21.900Z,,,3800.2,7554,8602443660.0,0,0,0,0
2024-10-18T01:36:22.400Z,,,3799.2,7559,8608142580.0,0,0,0,0
2024-10-18T01:36:22.900Z,,,3798.8,7579,8630935980.0,0,0,0,0
2024-10-18T01:36:23.400Z,,,3797.0,7584,8636632980.0,0,0,0,0
2024-10-18T01:36:23.900Z,,,3798.4,7589,8642330100.0,0,0,0,0
2024-10-18T01:36:24.400Z,,,3799.0,7600,8654865480.0,0,0,0,0
2024-10-18T01:36:24.900Z,,,3799.6,7606,8661704640.0,0,0,0,0
2024-10-18T01:36:25.400Z,,,3800.6,7615,8671966200.0,0,0,0,0
2024-10-18T01:36:25.900Z,,,3801.4,7618,8675387460.0,0,0,0,0
2024-10-18T01:36:26.400Z,,,3801.6,7636,8695916640.0,0,0,0,0
2024-10-18T01:36:26.900Z,,,3800.8,7645,8706179640.0,0,0,0,0
2024-10-18T01:36:27.400Z,,,3799.4,7653,8715299760.0,0,0,0,0
2024-10-18T01:36:27.900Z,,,3801.2,7662,8725562940.0,0,0,0,0
2024-10-18T01:36:28.400Z,,,3801.2,7665,8728983420.0,0,0,0,0
2024-10-18T01:36:28.900Z,,,3799.6,7675,8740382760.0,0,0,0,0
2024-10-18T01:36:29.400Z,,,3801.0,7683,8749504560.0,0,0,0,0
2024-10-18T01:36:29.900Z,,,3800.6,7692,8759766960.0,0,0,0,0
2024-10-18T01:36:30.400Z,,,3801.0,7699,8767749900.0,0,0,0,0
2024-10-18T01:36:30.900Z,,,3800.6,7705,8774591580.0,0,0,0,0
2024-10-18T01:36:31.400Z,,,3799.8,7707,8776871700.0,0,0,0,0
2024-10-18T01:36:31.900Z,,,3797.6,7717,8788269300.0,0,0,0,0
2024-10-18T01:36:32.400Z,,,3799.0,7722,8793968520.0,0,0,0,0
2024-10-18T01:36:32.900Z,,,3799.6,7724,8796248280.0,0,0,0,0
2024-10-18T01:36:33.400Z,,,3799.4,7727,8799667740.0,0,0,0,0
2024-10-18T01:36:33.900Z,,,3799.6,7735,8808787020.0,0,0,0,0
2024-10-18T01:36:34.400Z,,,3800.4,7739,8813347560.0,0,0,0,0
2024-10-18T01:36:34.900Z,,,3800.6,7740,8814487740.0,0,0,0,0
2024-10-18T01:36:35.400Z,,,3800.6,7741,8815627920.0,0,0,0,0
2024-10-18T01:36:35.900Z,,,3800.8,7742,8816768160.0,0,0,0,0
2024-10-18T01:36:36.400Z,,,3800.4,7744,8819048520.0,0,0,0,0
2024-10-18T01:36:36.900Z,,,3801.0,7748,8823609480.0,0,0,0,0
2024-10-18T01:36:37.400Z,,,3800.2,7750,8825889660.0,0,0,0,0
2024-10-18T01:36:37.900Z,,,3801.0,7755,8831590440.0,0,0,0,0
2024-10-18T01:36:38.400Z,,,3800.4,7757,8833870680.0,0,0,0,0
2024-10-18T01:36:38.900Z,,,3800.4,7760,8837291220.0,0,0,0,0
2024-10-18T01:36:39.400Z,,,3800.8,7762,8839571520.0,0,0,0,0
2024-10-18T01:36:39.900Z,,,3800.4,7763,8840711640.0,0,0,0,0
2024-10-18T01:36:40.400Z,,,3801.0,7765,8842992240.0,0,0,0,0
2024-10-18T01:36:40.900Z,,,3801.6,7771,8849834580.0,0,0,0,0
2024-10-18T01:36:41.400Z,,,3800.6,7777,8856675960.0,0,0,0,0
2024-10-18T01:36:41.900Z,,,3800.4,7784,8864656860.0,0,0,0,0
2024-10-18T01:36:42.400Z,,,3800.2,7787,8868076860.0,0,0,0,0
2024-10-18T01:36:42.900Z,,,3800.6,7797,8879476980.0,0,0,0,0
2024-10-18T01:36:43.400Z,,,3800.6,7804,8887457700.0,0,0,0,0
2024-10-18T01:36:43.900Z,,,3800.6,7810,8894298900.0,0,0,0,0
2024-10-18T01:36:44.400Z,,,3801.0,7814,8898860100.0,0,0,0,0
2024-10-18T01:36:44.900Z,,,3801.4,7840,8928509880.0,0,0,0,0
2024-10-18T01:36:45.400Z,,,3801.4,7845,8934211980.0,0,0,0,0
2024-10-18T01:36:45.900Z,,,3801.8,7863,8954740680.0,0,0,0,0
2024-10-18T01:36:46.400Z,,,3802.0,7874,8967286860.0,0,0,0,0
2024-10-18T01:36:46.900Z,,,3801.4,7880,8974129800.0,0,0,0,0
2024-10-18T01:36:47.400Z,,,3802.2,7883,8977551720.0,0,0,0,0
2024-10-18T01:36:47.900Z,,,3802.8,7886,8980973940.0,0,0,0,0
2024-10-18T01:36:48.400Z,,,3803.0,7896,8992382880.0,0,0,0,0
2024-10-18T01:36:48.900Z,,,3803.0,7897,8993523780.0,0,0,0,0
2024-10-18T01:36:49.400Z,,,3803.6,7902,8999229180.0,0,0,0,0
2024-10-18T01:36:49.900Z,,,3803.4,7906,9003793500.0,0,0,0,0
2024-10-18T01:36:50.400Z,,,3804.0,7911,9009499380.0,0,0,0,0
2024-10-18T01:36:50.900Z,,,3803.6,7913,9011781540.0,0,0,0,0
2024-10-18T01:36:51.400Z,,,3802.8,7919,9018626700.0,0,0,0,0
2024-10-18T01:36:51.900Z,,,3803.0,7932,9033457380.0,0,0,0,0
2024-10-18T01:36:52.400Z,,,3803.0,7939,9041443260.0,0,0,0,0
2024-10-18T01:36:52.900Z,,,3802.6,7946,9049429440.0,0,0,0,0
2024-10-18T01:36:53.400Z,,,3803.2,7953,9057415740.0,0,0,0,0
2024-10-18T01:36:53.900Z,,,3803.2,7960,9065402280.0,0,0,0,0
2024-10-18T01:36:54.400Z,,,3803.6,7966,9072249120.0,0,0,0,0
2024-10-18T01:36:54.900Z,,,3803.2,7974,9081378060.0,0,0,0,0
2024-10-18T01:36:55.400Z,,,3803.6,7978,9085942620.0,0,0,0,0
2024-10-18T01:36:55.900Z,,,3803.0,7985,9093929160.0,0,0,0,0
2024-10-18T01:36:56.400Z,,,3803.0,7986,9095070060.0,0,0,0,0
2024-10-18T01:36:56.900Z,,,3803.0,7993,9103056240.0,0,0,0,0
2024-10-18T01:36:57.400Z,,,3803.0,7998,9108760800.0,0,0,0,0
2024-10-18T01:36:57.900Z,,,3802.6,8003,9114465360.0,0,0,0,0
2024-10-18T01:36:58.400Z,,,3802.6,8006,9117887700.0,0,0,0,0
2024-10-18T01:36:58.900Z,,,3802.8,8018,9131578260.0,0,0,0,0
2024-10-18T01:36:59.400Z,,,3802.6,8022,9136141380.0,0,0,0,0
2024-10-18T01:36:59.900Z,,,3803.6,8029,9144127560.0,0,0,0,0
2024-10-18T01:37:00.400Z,,,3803.6,8030,9145268640.0,0,0,0,0
2024-10-18T01:37:00.900Z,,,3803.8,8049,9166948980.0,0,0,0,0
2024-10-18T01:37:01.400Z,,,3803.8,8058,9177219120.0,0,0,0,0
2024-10-18T01:37:01.900Z,,,3803.8,8060,9179501400.0,0,0,0,0
2024-10-18T01:37:02.400Z,,,3802.8,8086,9209169420.0,0,0,0,0
2024-10-18T01:37:02.900Z,,,3803.8,8092,9216016380.0,0,0,0,0
2024-10-18T01:37:03.400Z,,,3803.6,8104,9229707720.0,0,0,0,0
2024-10-18T01:37:03.900Z,,,3802.2,8112,9238834140.0,0,0,0,0
2024-10-18T01:37:04.400Z,,,3801.0,8118,9245676660.0,0,0,0,0
2024-10-18T01:37:04.900Z,,,3800.8,8132,9261640800.0,0,0,0,0
2024-10-18T01:37:05.400Z,,,3799.8,8137,9267340800.0,0,0,0,0
2024-10-18T01:37:05.900Z,,,3799.6,8141,9271900320.0,0,0,0,0
2024-10-18T01:37:06.400Z,,,3800.6,8167,9301537860.0,0,0,0,0
2024-10-18T01:37:06.900Z,,,3801.8,8183,9319781580.0,0,0,0,0
2024-10-18T01:37:07.400Z,,,3802.8,8186,9323203620.0,0,0,0,0
2024-10-18T01:37:07.900Z,,,3802.8,8196,9334611780.0,0,0,0,0
2024-10-18T01:37:08.400Z,,,3803.2,8200,9339175380.0,0,0,0,0
2024-10-18T01:37:08.900Z,,,3802.4,8213,9354008460.0,0,0,0,0
2024-10-18T01:37:09.400Z,,,3802.8,8215,9356290020.0,0,0,0,0
2024-10-18T01:37:09.900Z,,,3803.2,8224,9366558900.0,0,0,0,0
2024-10-18T01:37:10.400Z,,,3802.2,8228,9371122320.0,0,0,0,0
2024-10-18T01:37:10.900Z,,,3802.0,8231,9374544240.0,0,0,0,0
2024-10-18T01:37:11.400Z,,,3802.0,8235,9379106520.0,0,0,0,0
2024-10-18T01:37:11.900Z,,,3802.2,8241,9385950720.0,0,0,0,0
2024-10-18T01:37:12.400Z,,,3801.0,8256,9403059720.0,0,0,0,0
2024-10-18T01:37:12.900Z,,,3802.0,8268,9416742960.0,0,0,0,0
2024-10-18T01:37:13.400Z,,,3801.2,8270,9419023680.0,0,0,0,0
2024-10-18T01:37:13.900Z,,,3801.0,8284,9434987460.0,0,0,0,0
2024-10-18T01:37:14.400Z,,,3800.4,8301,9454370040.0,0,0,0,0
2024-10-18T01:37:14.900Z,,,3799.8,8304,9457789920.0,0,0,0,0
2024-10-18T01:37:15.400Z,,,3800.0,8310,9464629320.0,0,0,0,0
2024-10-18T01:37:15.900Z,,,3799.8,8317,9472608540.0,0,0,0,0
2024-10-18T01:37:16.400Z,,,3799.8,8317,9472608540.0,0,0,0,0
2024-10-18T01:37:16.900Z,,,3799.4,8331,9488565840.0,0,0,0,0
2024-10-18T01:37:17.400Z,,,3800.6,8345,9504524340.0,0,0,0,0
2024-10-18T01:37:17.900Z,,,3801.2,8353,9513647040.0,0,0,0,0
2024-10-18T01:37:18.400Z,,,3801.6,8357,9518209020.0,0,0,0,0
2024-10-18T01:37:18.900Z,,,3802.2,8364,9526193640.0,0,0,0,0
2024-10-18T01:37:19.400Z,,,3803.0,8366,9528475440.0,0,0,0,0
2024-10-18T01:37:19.900Z,,,3802.2,8369,9531897420.0,0,0,0,0
2024-10-18T01:37:20.400Z,,,3802.0,8371,9534178920.0,0,0,0,0
2024-10-18T01:37:20.900Z,,,3801.2,8373,9536459640.0,0,0,0,0
2024-10-18T01:37:21.400Z,,,3801.0,8376,9539880540.0,0,0,0,0
2024-10-18T01:37:21.900Z,,,3800.8,8385,9550141860.0,0,0,0,0
2024-10-18T01:37:22.400Z,,,3800.2,8387,9552421980.0,0,0,0,0
2024-10-18T01:37:22.900Z,,,3800.6,8388,9553562160.0,0,0,0,0
2024-10-18T01:37:23.400Z,,,3801.2,8392,9558123240.0,0,0,0,0
2024-10-18T01:37:23.900Z,,,3802.0,8397,9563825160.0,0,0,0,0
2024-10-18T01:37:24.400Z,,,3800.8,8405,9572947860.0,0,0,0,0
2024-10-18T01:37:24.900Z,,,3800.8,8405,9572947860.0,0,0,0,0
2024-10-18T01:37:25.400Z,,,3801.2,8408,9576368940.0,0,0,0,0
2024-10-18T01:37:25.900Z,,,3800.6,8410,9578649300.0,0,0,0,0
2024-10-18T01:37:26.400Z,,,3800.6,8411,9579789480.0,0,0,0,0
2024-10-18T01:37:26.900Z,,,3800.0,8422,9592330020.0,0,0,0,0
2024-10-18T01:37:27.400Z,,,3800.0,8423,9593470020.0,0,0,0,0
2024-10-18T01:37:27.900Z,,,3799.8,8425,9595749780.0,0,0,0,0
2024-10-18T01:37:28.400Z,,,3800.0,8429,9600309780.0,0,0,0,0
2024-10-18T01:37:28.900Z,,,3800.0,8430,9601449780.0,0,0,0,0
2024-10-18T01:37:29.400Z,,,3800.0,8431,9602589780.0,0,0,0,0
2024-10-18T01:37:29.900Z,,,3800.0,8433,9604869600.0,0,0,0,0
2024-10-18T01:37:30.400Z,,,3800.0,8433,9604869600.0,0,0,0,0
2024-10-18T01:37:30.900Z,,,3799.4,8437,9609430080.0,0,0,0,0
2024-10-18T01:37:31.400Z,,,3799.4,8437,9609430080.0,0,0,0,0
2024-10-18T01:37:31.900Z,,,3799.4,8437,9609430080.0,0,0,0,0
2024-10-18T01:37:32.900Z,,,3800.2,8440,9612849960.0,0,0,0,0
2024-10-18T01:37:33.400Z,,,3800.2,8440,9612849960.0,0,0,0,0
2024-10-18T01:37:33.900Z,,,3800.6,8450,9624249600.0,0,0,0,0
2024-10-18T01:37:34.400Z,,,3800.6,8453,9627670140.0,0,0,0,0
2024-10-18T01:37:34.900Z,,,3799.0,8455,9629950020.0,0,0,0,0
2024-10-18T01:37:35.400Z,,,3800.4,8458,9633370140.0,0,0,0,0
2024-10-18T01:37:35.900Z,,,3799.2,8459,9634509900.0,0,0,0,0
2024-10-18T01:37:36.400Z,,,3798.8,8466,9642487680.0,0,0,0,0
2024-10-18T01:37:36.900Z,,,3798.8,8466,9642487680.0,0,0,0,0
2024-10-18T01:37:37.400Z,,,3798.8,8471,9648185880.0,0,0,0,0
2024-10-18T01:37:37.900Z,,,3798.0,8475,9652743480.0,0,0,0,0
2024-10-18T01:37:38.400Z,,,3798.0,8478,9656161440.0,0,0,0,0
2024-10-18T01:37:38.900Z,,,3797.2,8482,9660718080.0,0,0,0,0
2024-10-18T01:37:39.400Z,,,3797.2,8485,9664135560.0,0,0,0,0
2024-10-18T01:37:39.900Z,,,3797.6,8490,9669831960.0,0,0,0,0
2024-10-18T01:37:40.400Z,,,3797.8,8494,9674389320.0,0,0,0,0
2024-10-18T01:37:40.900Z,,,3797.6,8508,9690342420.0,0,0,0,0
2024-10-18T01:37:41.400Z,,,3799.0,8522,9706297740.0,0,0,0,0
2024-10-18T01:37:41.900Z,,,3798.8,8524,9708577020.0,0,0,0,0
2024-10-18T01:37:42.400Z,,,3798.8,8524,9708577020.0,0,0,0,0
2024-10-18T01:37:42.900Z,,,3797.6,8525,9709716300.0,0,0,0,0
2024-10-18T01:37:43.400Z,,,3797.6,8527,9711994860.0,0,0,0,0
2024-10-18T01:37:43.900Z,,,3797.4,8528,9713134080.0,0,0,0,0
2024-10-18T01:37:44.400Z,,,3797.2,8529,9714273240.0,0,0,0,0
2024-10-18T01:37:44.900Z,,,3798.0,8531,9716551800.0,0,0,0,0
2024-10-18T01:37:45.400Z,,,3797.6,8535,9721109400.0,0,0,0,0
2024-10-18T01:37:45.900Z,,,3797.4,8537,9723387840.0,0,0,0,0
2024-10-18T01:37:46.400Z,,,3797.0,8540,9726805200.0,0,0,0,0
2024-10-18T01:37:46.900Z,,,3796.8,8551,9739333980.0,0,0,0,0
2024-10-18T01:37:47.400Z,,,3796.0,8555,9743889180.0,0,0,0,0
2024-10-18T01:37:47.900Z,,,3796.0,8560,9749583180.0,0,0,0,0
2024-10-18T01:37:48.400Z,,,3795.6,8563,9752999100.0,0,0,0,0
2024-10-18T01:37:48.900Z,,,3795.0,8567,9757553280.0,0,0,0,0
2024-10-18T01:37:49.400Z,,,3795.4,8568,9758691900.0,0,0,0,0
2024-10-18T01:37:49.900Z,,,3795.4,8569,9759830520.0,0,0,0,0
2024-10-18T01:37:50.400Z,,,3795.0,8571,9762107520.0,0,0,0,0
2024-10-18T01:37:50.900Z,,,3794.6,8575,9766661460.0,0,0,0,0
2024-10-18T01:37:51.400Z,,,3794.6,8582,9774629160.0,0,0,0,0
2024-10-18T01:37:51.900Z,,,3792.8,8589,9782594820.0,0,0,0,0
2024-10-18T01:37:52.400Z,,,3795.0,8593,9787148280.0,0,0,0,0
2024-10-18T01:37:52.900Z,,,3795.0,8594,9788286780.0,0,0,0,0
2024-10-18T01:37:53.400Z,,,3795.4,8598,9792840900.0,0,0,0,0
2024-10-18T01:37:53.900Z,,,3795.2,8605,9800811180.0,0,0,0,0
2024-10-18T01:37:54.400Z,,,3795.0,8606,9801949680.0,0,0,0,0
2024-10-18T01:37:54.900Z,,,3795.4,8607,9803088300.0,0,0,0,0
2024-10-18T01:37:55.400Z,,,3795.0,8608,9804226800.0,0,0,0,0
2024-10-18T01:37:55.900Z,,,3795.0,8608,9804226800.0,0,0,0,0
2024-10-18T01:37:56.400Z,,,3795.0,8608,9804226800.0,0,0,0,0
2024-10-18T01:37:56.900Z,,,3795.0,8611,9807642060.0,0,0,0,0
2024-10-18T01:37:57.400Z,,,3795.0,8615,9812196000.0,0,0,0,0
2024-10-18T01:37:57.900Z,,,3794.8,8617,9814472880.0,0,0,0,0
2024-10-18T01:37:58.400Z,,,3794.0,8619,9816749340.0,0,0,0,0
2024-10-18T01:37:58.900Z,,,3794.2,8625,9823579680.0,0,0,0,0
2024-10-18T01:37:59.400Z,,,3794.0,8628,9826994100.0,0,0,0,0
2024-10-18T01:37:59.900Z,,,3794.0,8630,9829270140.0,0,0,0,0
2024-10-18T01:38:00.400Z,,,3793.8,8633,9832684200.0,0,0,0,0
2024-10-18T01:38:00.900Z,,,3794.0,8639,9839512440.0,0,0,0,0
2024-10-18T01:38:01.400Z,,,3794.0,8640,9840650640.0,0,0,0,0
2024-10-18T01:38:01.900Z,,,3794.0,8640,9840650640.0,0,0,0,0
2024-10-18T01:38:02.400Z,,,3792.8,8643,9844064220.0,0,0,0,0
2024-10-18T01:38:02.900Z,,,3792.8,8643,9844064220.0,0,0,0,0
2024-10-18T01:38:03.400Z,,,3792.4,8650,9852028740.0,0,0,0,0
2024-10-18T01:38:03.900Z,,,3792.8,8651,9853166580.0,0,0,0,0
2024-10-18T01:38:04.400Z,,,3792.2,8652,9854304240.0,0,0,0,0
2024-10-18T01:38:04.900Z,,,3792.2,8658,9861130140.0,0,0,0,0
2024-10-18T01:38:05.400Z,,,3792.0,8667,9871368480.0,0,0,0,0
2024-10-18T01:38:05.900Z,,,3791.8,8672,9877056120.0,0,0,0,0
2024-10-18T01:38:06.400Z,,,3791.2,8678,9883880820.0,0,0,0,0
2024-10-18T01:38:06.900Z,,,3791.2,8683,9889567500.0,0,0,0,0
2024-10-18T01:38:07.400Z,,,3790.6,8695,9903215880.0,0,0,0,0
2024-10-18T01:38:07.900Z,,,3790.6,8695,9903215880.0,0,0,0,0
2024-10-18T01:38:08.400Z,,,3791.0,8700,9908901780.0,0,0,0,0
2024-10-18T01:38:08.900Z,,,3791.0,8703,9912313560.0,0,0,0,0
2024-10-18T01:38:09.400Z,,,3790.6,8707,9916862460.0,0,0,0,0
2024-10-18T01:38:09.900Z,,,3790.8,8712,9922549680.0,0,0,0,0
2024-10-18T01:38:10.400Z,,,3791.0,8716,9927099120.0,0,0,0,0
2024-10-18T01:38:10.900Z,,,3791.8,8717,9928236660.0,0,0,0,0
2024-10-18T01:38:11.400Z,,,3792.0,8720,9931649400.0,0,0,0,0
2024-10-18T01:38:11.900Z,,,3792.2,8722,9933924720.0,0,0,0,0
2024-10-18T01:38:12.400Z,,,3792.2,8724,9936200040.0,0,0,0,0
2024-10-18T01:38:12.900Z,,,3792.2,8726,9938475420.0,0,0,0,0
2024-10-18T01:38:13.400Z,,,3791.4,8729,9941888280.0,0,0,0,0
2024-10-18T01:38:13.900Z,,,3792.0,8730,9943025880.0,0,0,0,0
2024-10-18T01:38:14.400Z,,,3792.0,8730,9943025880.0,0,0,0,0
2024-10-18T01:38:14.900Z,,,3792.4,8734,9947576700.0,0,0,0,0
2024-10-18T01:38:15.400Z,,,3793.0,8736,9949852500.0,0,0,0,0
2024-10-18T01:38:15.900Z,,,3793.0,8740,9954405180.0,0,0,0,0
2024-10-18T01:38:16.400Z,,,3794.4,8742,9956681700.0,0,0,0,0
2024-10-18T01:38:16.900Z,,,3793.8,8745,9960095700.0,0,0,0,0
2024-10-18T01:38:17.400Z,,,3793.8,8745,9960095700.0,0,0,0,0
2024-10-18T01:38:17.900Z,,,3792.6,8748,9963509220.0,0,0,0,0
2024-10-18T01:38:18.400Z,,,3793.2,8753,9969198720.0,0,0,0,0
2024-10-18T01:38:18.900Z,,,3793.8,8754,9970336860.0,0,0,0,0
2024-10-18T01:38:19.400Z,,,3793.2,8758,9974888340.0,0,0,0,0
2024-10-18T01:38:19.900Z,,,3793.8,8761,9978302400.0,0,0,0,0
2024-10-18T01:38:20.400Z,,,3793.8,8761,9978302400.0,0,0,0,0
2024-10-18T01:38:20.900Z,,,3793.2,8767,9985130100.0,0,0,0,0
2024-10-18T01:38:21.400Z,,,3794.6,8769,9987406740.0,0,0,0,0
2024-10-18T01:38:21.900Z,,,3794.8,8777,9996513720.0,0,0,0,0
2024-10-18T01:38:22.400Z,,,3793.8,8779,9998790000.0,0,0,0,0
2024-10-18T01:38:22.900Z,,,3793.8,8787,10007895540.0,0,0,0,0
2024-10-18T01:38:23.400Z,,,3793.2,8789,10010171460.0,0,0,0,0
2024-10-18T01:38:23.900Z,,,3792.4,8792,10013584740.0,0,0,0,0
2024-10-18T01:38:24.400Z,,,3792.0,8793,10014722340.0,0,0,0,0
2024-10-18T01:38:24.900Z,,,3791.8,8800,10022685480.0,0,0,0,0
2024-10-18T01:38:25.400Z,,,3792.6,8802,10024961100.0,0,0,0,0
2024-10-18T01:38:25.900Z,,,3792.2,8808,10031787060.0,0,0,0,0
2024-10-18T01:38:26.400Z,,,3792.6,8812,10036337820.0,0,0,0,0
2024-10-18T01:38:26.900Z,,,3792.2,8818,10043164080.0,0,0,0,0
2024-10-18T01:38:27.400Z,,,3791.4,8826,10052264520.0,0,0,0,0
2024-10-18T01:38:27.900Z,,,3791.4,8831,10057951440.0,0,0,0,0
2024-10-18T01:38:28.400Z,,,3791.0,8832,10059088740.0,0,0,0,0
2024-10-18T01:38:28.900Z,,,3790.4,8840,10068186420.0,0,0,0,0
2024-10-18T01:38:29.400Z,,,3790.8,8844,10072735260.0,0,0,0,0
2024-10-18T01:38:29.900Z,,,3790.6,8850,10079558580.0,0,0,0,0
2024-10-18T01:38:30.400Z,,,3790.0,8856,10086381420.0,0,0,0,0
2024-10-18T01:38:30.900Z,,,3790.2,8880,10113669660.0,0,0,0,0
2024-10-18T01:38:31.400Z,,,3789.8,8885,10119354240.0,0,0,0,0
2024-10-18T01:38:31.900Z,,,3789.4,8887,10121627880.0,0,0,0,0
2024-10-18T01:38:32.400Z,,,3789.4,8891,10126174920.0,0,0,0,0
2024-10-18T01:38:32.900Z,,,3789.4,8896,10131858780.0,0,0,0,0
2024-10-18T01:38:33.400Z,,,3789.4,8898,10134132540.0,0,0,0,0
2024-10-18T01:38:33.900Z,,,3789.8,8915,10153459440.0,0,0,0,0
2024-10-18T01:38:34.400Z,,,3789.8,8918,10156870080.0,0,0,0,0
2024-10-18T01:38:34.900Z,,,3789.4,8928,10168239360.0,0,0,0,0
2024-10-18T01:38:35.400Z,,,3790.0,8936,10177335000.0,0,0,0,0
2024-10-18T01:38:35.900Z,,,3790.2,8939,10180746120.0,0,0,0,0
2024-10-18T01:38:36.400Z,,,3791.0,8943,10185295080.0,0,0,0,0
2024-10-18T01:38:36.900Z,,,3790.2,8952,10195529760.0,0,0,0,0
2024-10-18T01:38:37.400Z,,,3790.4,8955,10198941120.0,0,0,0,0
2024-10-18T01:38:37.900Z,,,3790.4,8955,10198941120.0,0,0,0,0
2024-10-18T01:38:38.400Z,,,3790.4,8958,10202352540.0,0,0,0,0
2024-10-18T01:38:38.900Z,,,3790.4,8962,10206901200.0,0,0,0,0
2024-10-18T01:38:39.400Z,,,3790.4,8965,10210312560.0,0,0,0,0
2024-10-18T01:38:39.900Z,,,3791.0,8968,10213724400.0,0,0,0,0
2024-10-18T01:38:40.400Z,,,3791.2,8972,10218273420.0,0,0,0,0
2024-10-18T01:38:40.900Z,,,3790.8,8974,10220547900.0,0,0,0,0
2024-10-18T01:38:41.400Z,,,3790.4,8979,10226233560.0,0,0,0,0
2024-10-18T01:38:41.900Z,,,3791.2,8985,10233056640.0,0,0,0,0
2024-10-18T01:38:42.400Z,,,3790.4,8991,10239879360.0,0,0,0,0
2024-10-18T01:38:42.900Z,,,3791.2,8992,10241016720.0,0,0,0,0
2024-10-18T01:38:43.400Z,,,3790.6,9000,10250114160.0,0,0,0,0
2024-10-18T01:38:43.900Z,,,3790.6,9005,10255800660.0,0,0,0,0
2024-10-18T01:38:44.400Z,,,3790.6,9006,10256937840.0,0,0,0,0
2024-10-18T01:38:44.900Z,,,3791.4,9011,10262624940.0,0,0,0,0
2024-10-18T01:38:45.400Z,,,3791.0,9012,10263762240.0,0,0,0,0
2024-10-18T01:38:45.900Z,,,3791.0,9014,10266036840.0,0,0,0,0
2024-10-18T01:38:46.400Z,,,3790.8,9015,10267174080.0,0,0,0,0
2024-10-18T01:38:46.900Z,,,3790.6,9020,10272860220.0,0,0,0,0
2024-10-18T01:38:47.400Z,,,3791.6,9024,10277409480.0,0,0,0,0
2024-10-18T01:38:47.900Z,,,3791.8,9028,10281959340.0,0,0,0,0
2024-10-18T01:38:48.400Z,,,3791.6,9037,10292196540.0,0,0,0,0
2024-10-18T01:38:48.900Z,,,3791.6,9037,10292196540.0,0,0,0,0
2024-10-18T01:38:49.400Z,,,3791.4,9039,10294471440.0,0,0,0,0
2024-10-18T01:38:49.900Z,,,3791.4,9046,10302433260.0,0,0,0,0
2024-10-18T01:38:50.400Z,,,3791.0,9047,10303570560.0,0,0,0,0
2024-10-18T01:38:50.900Z,,,3790.8,9049,10305845040.0,0,0,0,0
2024-10-18T01:38:51.400Z,,,3791.0,9050,10306982340.0,0,0,0,0
2024-10-18T01:38:51.900Z,,,3791.4,9056,10313806260.0,0,0,0,0
2024-10-18T01:38:52.400Z,,,3791.2,9059,10317218340.0,0,0,0,0
2024-10-18T01:38:52.900Z,,,3790.2,9063,10321766940.0,0,0,0,0
2024-10-18T01:38:53.400Z,,,3790.0,9070,10329726840.0,0,0,0,0
2024-10-18T01:38:53.900Z,,,3789.8,9076,10336548660.0,0,0,0,0
2024-10-18T01:38:54.400Z,,,3790.0,9078,10338822840.0,0,0,0,0
2024-10-18T01:38:54.900Z,,,3790.0,9088,10350193740.0,0,0,0,0
2024-10-18T01:38:55.400Z,,,3789.8,9090,10352467620.0,0,0,0,0
2024-10-18T01:38:55.900Z,,,3789.8,9093,10355878440.0,0,0,0,0
2024-10-18T01:38:56.400Z,,,3789.8,9096,10359289260.0,0,0,0,0
2024-10-18T01:38:56.900Z,,,3789.8,9096,10359289260.0,0,0,0,0
2024-10-18T01:38:57.400Z,,,3790.6,9097,10360426440.0,0,0,0,0
2024-10-18T01:38:57.900Z,,,3790.0,9100,10363837440.0,0,0,0,0
2024-10-18T01:38:58.400Z,,,3791.2,9107,10371798180.0,0,0,0,0
2024-10-18T01:38:58.900Z,,,3791.2,9114,10379759700.0,0,0,0,0
2024-10-18T01:38:59.400Z,,,3790.2,9122,10388857200.0,0,0,0,0
2024-10-18T01:38:59.900Z,,,3791.2,9123,10389994560.0,0,0,0,0
2024-10-18T01:39:00.400Z,,,3791.2,9123,10389994560.0,0,0,0,0
2024-10-18T01:39:00.900Z,,,3790.2,9126,10393406340.0,0,0,0,0
2024-10-18T01:39:01.400Z,,,3790.2,9133,10401367920.0,0,0,0,0
2024-10-18T01:39:01.900Z,,,3790.0,9134,10402504920.0,0,0,0,0
2024-10-18T01:39:02.400Z,,,3790.2,9136,10404779160.0,0,0,0,0
2024-10-18T01:39:02.900Z,,,3790.0,9139,10408190160.0,0,0,0,0
2024-10-18T01:39:03.400Z,,,3790.2,9149,10419559920.0,0,0,0,0
2024-10-18T01:39:03.900Z,,,3789.4,9153,10424107380.0,0,0,0,0
2024-10-18T01:39:04.400Z,,,3788.8,9161,10433201280.0,0,0,0,0
2024-10-18T01:39:04.900Z,,,3788.6,9163,10435474440.0,0,0,0,0
2024-10-18T01:39:05.400Z,,,3787.8,9184,10459339620.0,0,0,0,0
2024-10-18T01:39:05.900Z,,,3787.0,9188,10463884500.0,0,0,0,0
2024-10-18T01:39:06.400Z,,,3788.2,9195,10471838100.0,0,0,0,0
2024-10-18T01:39:06.900Z,,,3787.2,9201,10478655300.0,0,0,0,0
2024-10-18T01:39:07.400Z,,,3787.4,9208,10486608960.0,0,0,0,0
2024-10-18T01:39:07.900Z,,,3787.2,9219,10499108100.0,0,0,0,0
2024-10-18T01:39:08.400Z,,,3788.6,9224,10504790100.0,0,0,0,0
2024-10-18T01:39:08.900Z,,,3788.6,9233,10515019800.0,0,0,0,0
2024-10-18T01:39:09.400Z,,,3788.8,9238,10520703780.0,0,0,0,0
2024-10-18T01:39:09.900Z,,,3787.2,9258,10543433400.0,0,0,0,0
2024-10-18T01:39:10.400Z,,,3788.8,9270,10557072660.0,0,0,0,0
2024-10-18T01:39:10.900Z,,,3788.8,9277,10565029140.0,0,0,0,0
2024-10-18T01:39:11.400Z,,,3790.0,9290,10579809600.0,0,0,0,0
2024-10-18T01:39:11.900Z,,,3790.4,9291,10580946720.0,0,0,0,0
2024-10-18T01:39:12.400Z,,,3787.8,9313,10605958980.0,0,0,0,0
2024-10-18T01:39:12.900Z,,,3789.6,9320,10613917440.0,0,0,0,0
2024-10-18T01:39:13.400Z,,,3788.6,9321,10615054020.0,0,0,0,0
2024-10-18T01:39:13.900Z,,,3789.8,9324,10618464120.0,0,0,0,0
2024-10-18T01:39:14.400Z,,,3788.4,9328,10623010200.0,0,0,0,0
2024-10-18T01:39:14.900Z,,,3787.0,9353,10651414920.0,0,0,0,0
2024-10-18T01:39:15.400Z,,,3787.4,9360,10659368460.0,0,0,0,0
2024-10-18T01:39:15.900Z,,,3787.4,9372,10673002260.0,0,0,0,0
2024-10-18T01:39:16.400Z,,,3788.0,9376,10677547860.0,0,0,0,0
2024-10-18T01:39:16.900Z,,,3786.6,9391,10694591460.0,0,0,0,0
2024-10-18T01:39:17.400Z,,,3787.2,9399,10703680320.0,0,0,0,0
2024-10-18T01:39:17.900Z,,,3787.0,9408,10713906840.0,0,0,0,0
2024-10-18T01:39:18.400Z,,,3787.0,9423,10730948340.0,0,0,0,0
2024-10-18T01:39:18.900Z,,,3787.2,9426,10734357240.0,0,0,0,0
2024-10-18T01:39:19.400Z,,,3788.2,9431,10740038640.0,0,0,0,0
2024-10-18T01:39:19.900Z,,,3787.2,9438,10747993020.0,0,0,0,0
2024-10-18T01:39:20.400Z,,,3787.0,9459,10771852440.0,0,0,0,0
2024-10-18T01:39:20.900Z,,,3787.2,9466,10779805260.0,0,0,0,0
2024-10-18T01:39:21.400Z,,,3787.4,9478,10793443200.0,0,0,0,0
2024-10-18T01:39:21.900Z,,,3787.0,9479,10794579300.0,0,0,0,0
2024-10-18T01:39:22.400Z,,,3787.0,9481,10796851500.0,0,0,0,0
2024-10-18T01:39:22.900Z,,,3787.6,9484,10800259980.0,0,0,0,0
2024-10-18T01:39:23.400Z,,,3787.4,9488,10804804680.0,0,0,0,0
2024-10-18T01:39:23.900Z,,,3787.4,9488,10804804680.0,0,0,0,0
2024-10-18T01:39:24.400Z,,,3787.2,9492,10809349140.0,0,0,0,0
2024-10-18T01:39:24.900Z,,,3787.2,9493,10810485300.0,0,0,0,0
2024-10-18T01:39:25.400Z,,,3787.4,9496,10813893840.0,0,0,0,0
2024-10-18T01:39:25.900Z,,,3787.4,9496,10813893840.0,0,0,0,0
2024-10-18T01:39:26.400Z,,,3787.4,9497,10815030060.0,0,0,0,0
2024-10-18T01:39:26.900Z,,,3787.4,9497,10815030060.0,0,0,0,0
2024-10-18T01:39:27.400Z,,,3787.4,9497,10815030060.0,0,0,0,0
2024-10-18T01:39:27.900Z,,,3789.0,9499,10817303400.0,0,0,0,0
2024-10-18T01:39:28.400Z,,,3789.0,9499,10817303400.0,0,0,0,0
2024-10-18T01:39:28.900Z,,,3789.4,9503,10821850920.0,0,0,0,0
2024-10-18T01:39:29.400Z,,,3790.4,9504,10822988040.0,0,0,0,0
2024-10-18T01:39:29.900Z,,,3790.0,9506,10825262040.0,0,0,0,0
2024-10-18T01:39:30.400Z,,,3787.8,9512,10832081940.0,0,0,0,0
2024-10-18T01:39:30.900Z,,,3788.8,9518,10838901420.0,0,0,0,0
2024-10-18T01:39:31.400Z,,,3789.8,9519,10840038360.0,0,0,0,0
2024-10-18T01:39:31.900Z,,,3789.6,9521,10842312120.0,0,0,0,0
2024-10-18T01:39:32.400Z,,,3789.6,9525,10846859100.0,0,0,0,0
2024-10-18T01:39:32.900Z,,,3788.4,9527,10849132200.0,0,0,0,0
2024-10-18T01:39:33.400Z,,,3788.4,9528,10850268720.0,0,0,0,0
2024-10-18T01:39:33.900Z,,,3788.6,9529,10851405300.0,0,0,0,0
2024-10-18T01:39:34.400Z,,,3788.6,9529,10851405300.0,0,0,0,0
2024-10-18T01:39:34.900Z,,,3788.6,9531,10853678220.0,0,0,0,0
2024-10-18T01:39:35.400Z,,,3787.8,9534,10857087240.0,0,0,0,0
2024-10-18T01:39:35.900Z,,,3788.4,9537,10860496440.0,0,0,0,0
2024-10-18T01:39:36.400Z,,,3788.6,9548,10872998820.0,0,0,0,0
2024-10-18T01:39:36.900Z,,,3788.0,9549,10874135220.0,0,0,0,0
2024-10-18T01:39:37.400Z,,,3788.0,9552,10877544600.0,0,0,0,0
2024-10-18T01:39:37.900Z,,,3788.4,9555,10880954040.0,0,0,0,0
2024-10-18T01:39:38.400Z,,,3788.4,9556,10882090560.0,0,0,0,0
2024-10-18T01:39:38.900Z,,,3789.0,9559,10885500600.0,0,0,0,0
2024-10-18T01:39:39.400Z,,,3789.2,9564,10891183680.0,0,0,0,0
2024-10-18T01:39:39.900Z,,,3789.2,9564,10891183680.0,0,0,0,0
2024-10-18T01:39:40.400Z,,,3789.8,9565,10892320620.0,0,0,0,0
2024-10-18T01:39:40.900Z,,,3789.4,9566,10893457440.0,0,0,0,0
2024-10-18T01:39:41.400Z,,,3789.6,9569,10896867960.0,0,0,0,0
2024-10-18T01:39:41.900Z,,,3788.2,9575,10903687320.0,0,0,0,0
2024-10-18T01:39:42.400Z,,,3788.2,9575,10903687320.0,0,0,0,0
2024-10-18T01:39:42.900Z,,,3788.8,9580,10909370520.0,0,0,0,0
2024-10-18T01:39:43.400Z,,,3789.0,9584,10913917320.0,0,0,0,0
2024-10-18T01:39:43.900Z,,,3789.0,9586,10916190600.0,0,0,0,0
2024-10-18T01:39:44.400Z,,,3788.8,9589,10919600400.0,0,0,0,0
2024-10-18T01:39:44.900Z,,,3788.8,9589,10919600400.0,0,0,0,0
2024-10-18T01:39:45.400Z,,,3789.8,9593,10924147860.0,0,0,0,0
2024-10-18T01:39:45.900Z,,,3789.2,9596,10927558200.0,0,0,0,0
2024-10-18T01:39:46.400Z,,,3788.8,9600,10932105060.0,0,0,0,0
2024-10-18T01:39:46.900Z,,,3790.0,9602,10934379060.0,0,0,0,0
2024-10-18T01:39:47.400Z,,,3791.0,9625,10960536780.0,0,0,0,0
2024-10-18T01:39:47.900Z,,,3791.8,9628,10963949400.0,0,0,0,0
2024-10-18T01:39:48.400Z,,,3792.4,9635,10971913440.0,0,0,0,0
2024-10-18T01:39:48.900Z,,,3792.2,9640,10977601740.0,0,0,0,0
2024-10-18T01:39:49.400Z,,,3791.4,9645,10983289020.0,0,0,0,0
2024-10-18T01:39:49.900Z,,,3790.0,9657,10996934880.0,0,0,0,0
2024-10-18T01:39:50.400Z,,,3791.2,9668,11009441940.0,0,0,0,0
2024-10-18T01:39:50.900Z,,,3790.6,9672,11013990180.0,0,0,0,0
2024-10-18T01:39:51.400Z,,,3791.6,9680,11023088040.0,0,0,0,0
2024-10-18T01:39:51.900Z,,,3789.8,9689,11033321940.0,0,0,0,0
2024-10-18T01:39:52.400Z,,,3789.8,9690,11034458880.0,0,0,0,0
2024-10-18T01:39:52.900Z,,,3791.4,9698,11043555240.0,0,0,0,0
2024-10-18T01:39:53.400Z,,,3791.4,9700,11045830080.0,0,0,0,0
2024-10-18T01:39:53.900Z,,,3790.8,9706,11052653340.0,0,0,0,0
2024-10-18T01:39:54.400Z,,,3791.0,9714,11061751500.0,0,0,0,0
2024-10-18T01:39:54.900Z,,,3791.0,9720,11068575540.0,0,0,0,0
2024-10-18T01:39:55.400Z,,,3790.6,9733,11083361280.0,0,0,0,0
2024-10-18T01:39:55.900Z,,,3790.4,9756,11109515820.0,0,0,0,0
2024-10-18T01:39:56.400Z,,,3790.6,9761,11115201480.0,0,0,0,0
2024-10-18T01:39:56.900Z,,,3790.4,9771,11126572800.0,0,0,0,0
2024-10-18T01:39:57.400Z,,,3790.4,9779,11135670420.0,0,0,0,0
2024-10-18T01:39:57.900Z,,,3791.0,9782,11139082200.0,0,0,0,0
2024-10-18T01:39:58.400Z,,,3790.6,9788,11145904740.0,0,0,0,0
2024-10-18T01:39:58.900Z,,,3789.8,9793,11151589620.0,0,0,0,0
2024-10-18T01:39:59.400Z,,,3789.6,9804,11164094400.0,0,0,0,0
2024-10-18T01:39:59.900Z,,,3789.6,9807,11167504920.0,0,0,0,0
2024-10-18T01:40:00.400Z,,,3790.0,9809,11169778920.0,0,0,0,0
2024-10-18T01:40:00.900Z,,,3789.4,9815,11176600620.0,0,0,0,0
2024-10-18T01:40:01.400Z,,,3790.0,9817,11178874620.0,0,0,0,0
2024-10-18T01:40:01.900Z,,,3790.4,9821,11183423100.0,0,0,0,0
2024-10-18T01:40:02.400Z,,,3790.4,9834,11198205660.0,0,0,0,0
2024-10-18T01:40:02.900Z,,,3790.6,9842,11207302860.0,0,0,0,0
2024-10-18T01:40:03.400Z,,,3791.6,9846,11211852780.0,0,0,0,0
2024-10-18T01:40:03.900Z,,,3791.2,9850,11216402760.0,0,0,0,0
2024-10-18T01:40:04.400Z,,,3792.2,9852,11218678020.0,0,0,0,0
2024-10-18T01:40:04.900Z,,,3792.2,9859,11226641640.0,0,0,0,0
2024-10-18T01:40:05.400Z,,,3792.0,9862,11230054380.0,0,0,0,0
2024-10-18T01:40:05.900Z,,,3791.8,9874,11243703780.0,0,0,0,0
2024-10-18T01:40:06.400Z,,,3791.0,9881,11251666320.0,0,0,0,0
2024-10-18T01:40:06.900Z,,,3791.6,9883,11253941280.0,0,0,0,0
2024-10-18T01:40:07.400Z,,,3791.0,9892,11264178060.0,0,0,0,0
2024-10-18T01:40:07.900Z,,,3791.2,9903,11276687580.0,0,0,0,0
2024-10-18T01:40:08.400Z,,,3791.0,9913,11288060580.0,0,0,0,0
2024-10-18T01:40:08.900Z,,,3790.0,9917,11292609480.0,0,0,0,0
2024-10-18T01:40:09.400Z,,,3790.0,9920,11296020720.0,0,0,0,0
2024-10-18T01:40:09.900Z,,,3790.6,9927,11303980980.0,0,0,0,0
2024-10-18T01:40:10.400Z,,,3790.6,9935,11313077640.0,0,0,0,0
2024-10-18T01:40:10.900Z,,,3790.0,9936,11314214640.0,0,0,0,0
2024-10-18T01:40:11.400Z,,,3789.8,9942,11321036820.0,0,0,0,0
2024-10-18T01:40:11.900Z,,,3790.2,9949,11328996300.0,0,0,0,0
2024-10-18T01:40:12.400Z,,,3790.6,9951,11331270600.0,0,0,0,0
2024-10-18T01:40:12.900Z,,,3790.2,9957,11338092960.0,0,0,0,0
2024-10-18T01:40:13.400Z,,,3790.4,9960,11341504380.0,0,0,0,0
2024-10-18T01:40:13.900Z,,,3790.8,9961,11342641620.0,0,0,0,0
2024-10-18T01:40:14.400Z,,,3791.8,9963,11344916640.0,0,0,0,0
2024-10-18T01:40:14.900Z,,,3791.6,9969,11351741160.0,0,0,0,0
2024-10-18T01:40:15.400Z,,,3791.8,9972,11355153780.0,0,0,0,0
2024-10-18T01:40:15.900Z,,,3791.8,9975,11358566400.0,0,0,0,0
2024-10-18T01:40:16.400Z,,,3792.0,9984,11368805100.0,0,0,0,0
2024-10-18T01:40:16.900Z,,,3792.4,9988,11373355980.0,0,0,0,0
2024-10-18T01:40:17.400Z,,,3793.0,9993,11379045300.0,0,0,0,0
2024-10-18T01:40:17.900Z,,,3793.0,10000,11387010780.0,0,0,0,0
2024-10-18T01:40:18.400Z,,,3793.4,10004,11391562800.0,0,0,0,0
2024-10-18T01:40:18.900Z,,,3793.8,10016,11405219880.0,0,0,0,0
2024-10-18T01:40:19.400Z,,,3793.8,10017,11406358020.0,0,0,0,0
2024-10-18T01:40:19.900Z,,,3793.2,10027,11417737620.0,0,0,0,0
2024-10-18T01:40:20.400Z,,,3793.8,10040,11432532540.0,0,0,0,0
2024-10-18T01:40:20.900Z,,,3793.0,10049,11442775020.0,0,0,0,0
2024-10-18T01:40:21.400Z,,,3793.0,10049,11442775020.0,0,0,0,0
2024-10-18T01:40:21.900Z,,,3793.4,10060,11455294080.0,0,0,0,0
2024-10-18T01:40:22.400Z,,,3793.4,10062,11457570120.0,0,0,0,0
2024-10-18T01:40:22.900Z,,,3793.8,10064,11459846400.0,0,0,0,0
2024-10-18T01:40:23.400Z,,,3793.8,10069,11465537460.0,0,0,0,0
2024-10-18T01:40:23.900Z,,,3794.8,10073,11470091220.0,0,0,0,0
2024-10-18T01:40:24.400Z,,,3793.4,10082,11480334300.0,0,0,0,0
2024-10-18T01:40:24.900Z,,,3794.4,10083,11481472620.0,0,0,0,0
2024-10-18T01:40:25.400Z,,,3794.4,10083,11481472620.0,0,0,0,0
2024-10-18T01:40:25.900Z,,,3794.0,10089,11488300860.0,0,0,0,0
2024-10-18T01:40:26.400Z,,,3793.2,10093,11492852640.0,0,0,0,0
2024-10-18T01:40:26.900Z,,,3793.0,10101,11501955660.0,0,0,0,0
2024-10-18T01:40:27.400Z,,,3792.0,10110,11512194480.0,0,0,0,0
2024-10-18T01:40:27.900Z,,,3792.0,10126,11530396140.0,0,0,0,0
2024-10-18T01:40:28.400Z,,,3790.6,10133,11538358200.0,0,0,0,0
2024-10-18T01:40:28.900Z,,,3791.6,10134,11539495680.0,0,0,0,0
2024-10-18T01:40:29.400Z,,,3791.8,10139,11545183380.0,0,0,0,0
2024-10-18T01:40:29.900Z,,,3791.6,10141,11547458460.0,0,0,0,0
2024-10-18T01:40:30.400Z,,,3792.0,10146,11553145980.0,0,0,0,0
2024-10-18T01:40:30.900Z,,,3792.0,10146,11553145980.0,0,0,0,0
2024-10-18T01:40:31.400Z,,,3791.6,10150,11557695600.0,0,0,0,0
2024-10-18T01:40:31.900Z,,,3791.6,10153,11561108040.0,0,0,0,0
2024-10-18T01:40:32.400Z,,,3790.8,10154,11562245280.0,0,0,0,0
2024-10-18T01:40:32.900Z,,,3791.6,10156,11564520240.0,0,0,0,0
2024-10-18T01:40:33.400Z,,,3791.2,10157,11565657600.0,0,0,0,0
2024-10-18T01:40:33.900Z,,,3790.8,10164,11573618760.0,0,0,0,0
2024-10-18T01:40:34.400Z,,,3791.8,10167,11577031200.0,0,0,0,0
2024-10-18T01:40:34.900Z,,,3791.8,10170,11580443820.0,0,0,0,0
2024-10-18T01:40:35.400Z,,,3791.4,10175,11586131100.0,0,0,0,0
2024-10-18T01:40:35.900Z,,,3791.4,10175,11586131100.0,0,0,0,0
2024-10-18T01:40:36.400Z,,,3791.4,10176,11587268520.0,0,0,0,0
2024-10-18T01:40:36.900Z,,,3791.4,10179,11590680780.0,0,0,0,0
2024-10-18T01:40:37.400Z,,,3791.8,10184,11596368360.0,0,0,0,0
2024-10-18T01:40:37.900Z,,,3792.4,10190,11603194680.0,0,0,0,0
2024-10-18T01:40:38.400Z,,,3791.8,10192,11605470060.0,0,0,0,0
2024-10-18T01:40:38.900Z,,,3792.6,10194,11607745620.0,0,0,0,0
2024-10-18T01:40:39.400Z,,,3791.8,10196,11610020700.0,0,0,0,0
2024-10-18T01:40:39.900Z,,,3791.8,10197,11611158240.0,0,0,0,0
2024-10-18T01:40:40.400Z,,,3792.4,10199,11613433380.0,0,0,0,0
2024-10-18T01:40:40.900Z,,,3792.2,10201,11615708700.0,0,0,0,0
2024-10-18T01:40:41.400Z,,,3792.2,10202,11616846360.0,0,0,0,0
2024-10-18T01:40:41.900Z,,,3792.2,10209,11624809740.0,0,0,0,0
2024-10-18T01:40:42.400Z,,,3792.2,10210,11625947400.0,0,0,0,0
2024-10-18T01:40:42.900Z,,,3792.2,10214,11630497920.0,0,0,0,0
2024-10-18T01:40:43.400Z,,,3791.8,10215,11631635460.0,0,0,0,0
2024-10-18T01:40:43.900Z,,,3792.8,10217,11633911080.0,0,0,0,0
2024-10-18T01:40:44.400Z,,,3792.0,10222,11639599080.0,0,0,0,0
2024-10-18T01:40:44.900Z,,,3791.6,10223,11640736560.0,0,0,0,0
2024-10-18T01:40:45.400Z,,,3792.2,10225,11643011760.0,0,0,0,0
2024-10-18T01:40:45.900Z,,,3792.6,10227,11645287320.0,0,0,0,0
2024-10-18T01:40:46.400Z,,,3792.6,10230,11648700120.0,0,0,0,0
2024-10-18T01:40:46.900Z,,,3792.6,10231,11649837900.0,0,0,0,0
2024-10-18T01:40:47.400Z,,,3792.6,10232,11650975680.0,0,0,0,0
2024-10-18T01:40:47.900Z,,,3791.4,10233,11652113100.0,0,0,0,0
2024-10-18T01:40:48.400Z,,,3791.4,10234,11653250520.0,0,0,0,0
2024-10-18T01:40:48.900Z,,,3791.4,10234,11653250520.0,0,0,0,0
2024-10-18T01:40:49.400Z,,,3790.8,10238,11657799600.0,0,0,0,0
2024-10-18T01:40:49.900Z,,,3791.0,10252,11673720240.0,0,0,0,0
2024-10-18T01:40:50.400Z,,,3790.4,10258,11680543260.0,0,0,0,0
2024-10-18T01:40:50.900Z,,,3789.8,10262,11685091260.0,0,0,0,0
2024-10-18T01:40:51.400Z,,,3790.6,10264,11687365500.0,0,0,0,0
2024-10-18T01:40:51.900Z,,,3790.0,10268,11691913440.0,0,0,0,0
2024-10-18T01:40:52.400Z,,,3789.6,10270,11694187200.0,0,0,0,0
2024-10-18T01:40:52.900Z,,,3789.6,10270,11694187200.0,0,0,0,0
2024-10-18T01:40:53.900Z,,,3789.8,10272,11696461080.0,0,0,0,0
2024-10-18T01:40:54.400Z,,,3789.6,10273,11697597960.0,0,0,0,0
2024-10-18T01:40:54.900Z,,,3789.6,10274,11698734840.0,0,0,0,0
2024-10-18T01:40:55.400Z,,,3789.4,10276,11701008480.0,0,0,0,0
2024-10-18T01:40:55.900Z,,,3789.4,10276,11701008480.0,0,0,0,0
2024-10-18T01:40:56.400Z,,,3788.6,10277,11702145060.0,0,0,0,0
2024-10-18T01:40:56.900Z,,,3788.6,10277,11702145060.0,0,0,0,0
2024-10-18T01:40:57.400Z,,,3788.8,10279,11704418340.0,0,0,0,0
2024-10-18T01:40:57.900Z,,,3789.4,10280,11705555160.0,0,0,0,0
2024-10-18T01:40:58.400Z,,,3789.0,10282,11707828620.0,0,0,0,0
2024-10-18T01:40:59.400Z,,,3789.0,10285,11711238780.0,0,0,0,0
2024-10-18T01:40:59.900Z,,,3789.0,10285,11711238780.0,0,0,0,0
2024-10-18T01:41:00.400Z,,,3789.2,10286,11712375540.0,0,0,0,0
2024-10-18T01:41:01.400Z,,,3788.6,10288,11714648700.0,0,0,0,0
2024-10-18T01:41:01.900Z,,,3789.0,10290,11716921920.0,0,0,0,0
2024-10-18T01:41:02.400Z,,,3788.6,10293,11720331780.0,0,0,0,0
2024-10-18T01:41:02.900Z,,,3788.6,10297,11724878220.0,0,0,0,0
2024-10-18T01:41:03.400Z,,,3788.6,10298,11726014800.0,0,0,0,0
2024-10-18T01:41:03.900Z,,,3789.0,10299,11727151500.0,0,0,0,0
2024-10-18T01:41:04.400Z,,,3789.0,10300,11728288200.0,0,0,0,0
2024-10-18T01:41:04.900Z,,,3789.2,10302,11730561720.0,0,0,0,0
2024-10-18T01:41:05.400Z,,,3789.2,10306,11735108700.0,0,0,0,0
2024-10-18T01:41:05.900Z,,,3789.8,10309,11738519340.0,0,0,0,0
2024-10-18T01:41:06.400Z,,,3790.6,10312,11741930700.0,0,0,0,0
2024-10-18T01:41:06.900Z,,,3791.6,10318,11748755340.0,0,0,0,0
2024-10-18T01:41:07.400Z,,,3791.2,10327,11758992600.0,0,0,0,0
2024-10-18T01:41:07.900Z,,,3791.2,10329,11761267320.0,0,0,0,0
2024-10-18T01:41:08.400Z,,,3792.0,10331,11763542340.0,0,0,0,0
2024-10-18T01:41:08.900Z,,,3791.6,10332,11764679820.0,0,0,0,0
2024-10-18T01:41:09.400Z,,,3790.4,10337,11770366020.0,0,0,0,0
2024-10-18T01:41:09.900Z,,,3790.2,10339,11772640140.0,0,0,0,0
2024-10-18T01:41:10.400Z,,,3790.6,10343,11777187900.0,0,0,0,0
2024-10-18T01:41:10.900Z,,,3790.0,10348,11782872120.0,0,0,0,0
2024-10-18T01:41:11.400Z,,,3790.0,10348,11782872120.0,0,0,0,0
2024-10-18T01:41:11.900Z,,,3789.6,10355,11790830280.0,0,0,0,0
2024-10-18T01:41:12.400Z,,,3790.2,10357,11793104340.0,0,0,0,0
2024-10-18T01:41:12.900Z,,,3790.0,10358,11794241340.0,0,0,0,0
2024-10-18T01:41:13.400Z,,,3789.4,10359,11795378160.0,0,0,0,0
2024-10-18T01:41:13.900Z,,,3789.4,10359,11795378160.0,0,0,0,0
2024-10-18T01:41:14.400Z,,,3790.0,10363,11799926040.0,0,0,0,0
2024-10-18T01:41:14.900Z,,,3790.2,10366,11803337220.0,0,0,0,0
2024-10-18T01:41:15.400Z,,,3790.2,10368,11805611340.0,0,0,0,0
2024-10-18T01:41:15.900Z,,,3790.6,10372,11810160060.0,0,0,0,0
2024-10-18T01:41:16.400Z,,,3791.4,10376,11814709740.0,0,0,0,0
2024-10-18T01:41:16.900Z,,,3791.4,10393,11834046060.0,0,0,0,0
2024-10-18T01:41:17.400Z,,,3791.4,10399,11840870820.0,0,0,0,0
2024-10-18T01:41:17.900Z,,,3791.4,10404,11846558040.0,0,0,0,0
2024-10-18T01:41:18.400Z,,,3791.4,10406,11848832880.0,0,0,0,0
2024-10-18T01:41:18.900Z,,,3792.0,10408,11851107780.0,0,0,0,0
2024-10-18T01:41:19.400Z,,,3792.0,10409,11852245380.0,0,0,0,0
2024-10-18T01:41:19.900Z,,,3791.4,10417,11861344620.0,0,0,0,0
2024-10-18T01:41:20.400Z,,,3791.4,10421,11865894180.0,0,0,0,0
2024-10-18T01:41:20.900Z,,,3790.4,10422,11867031300.0,0,0,0,0
2024-10-18T01:41:21.400Z,,,3790.2,10425,11870442540.0,0,0,0,0
2024-10-18T01:41:21.900Z,,,3790.2,10436,11882950200.0,0,0,0,0
2024-10-18T01:41:22.400Z,,,3790.0,10437,11884087200.0,0,0,0,0
2024-10-18T01:41:22.900Z,,,3790.0,10439,11886361200.0,0,0,0,0
2024-10-18T01:41:23.400Z,,,3789.8,10443,11890908960.0,0,0,0,0
2024-10-18T01:41:23.900Z,,,3790.0,10444,11892045960.0,0,0,0,0
2024-10-18T01:41:24.400Z,,,3789.4,10445,11893182780.0,0,0,0,0
2024-10-18T01:41:24.900Z,,,3789.4,10445,11893182780.0,0,0,0,0
2024-10-18T01:41:25.400Z,,,3789.4,10445,11893182780.0,0,0,0,0
2024-10-18T01:41:25.900Z,,,3789.4,10446,11894319600.0,0,0,0,0
2024-10-18T01:41:26.400Z,,,3789.2,10447,11895456360.0,0,0,0,0
2024-10-18T01:41:26.900Z,,,3789.4,10449,11897730000.0,0,0,0,0
2024-10-18T01:41:27.400Z,,,3789.4,10449,11897730000.0,0,0,0,0
2024-10-18T01:41:27.900Z,,,3789.4,10449,11897730000.0,0,0,0,0
2024-10-18T01:41:28.400Z,,,3789.0,10451,11900003400.0,0,0,0,0
2024-10-18T01:41:28.900Z,,,3789.0,10457,11906823540.0,0,0,0,0
2024-10-18T01:41:29.400Z,,,3788.6,10459,11909096880.0,0,0,0,0
2024-10-18T01:41:29.900Z,,,3789.0,10461,11911370280.0,0,0,0,0
2024-10-18T01:41:30.400Z,,,3789.4,10464,11914780620.0,0,0,0,0
2024-10-18T01:41:30.900Z,,,3789.6,10467,11918191320.0,0,0,0,0
2024-10-18T01:41:31.400Z,,,3789.8,10472,11923876440.0,0,0,0,0
2024-10-18T01:41:31.900Z,,,3789.8,10472,11923876440.0,0,0,0,0
2024-10-18T01:41:32.400Z,,,3789.8,10475,11927287440.0,0,0,0,0
2024-10-18T01:41:32.900Z,,,3789.8,10476,11928424380.0,0,0,0,0
2024-10-18T01:41:33.400Z,,,3789.8,10476,11928424380.0,0,0,0,0
2024-10-18T01:41:33.900Z,,,3789.4,10477,11929561200.0,0,0,0,0
2024-10-18T01:41:34.400Z,,,3789.6,10478,11930698080.0,0,0,0,0
2024-10-18T01:41:34.900Z,,,3789.4,10481,11934108660.0,0,0,0,0
2024-10-18T01:41:35.900Z,,,3789.0,10485,11938656000.0,0,0,0,0
2024-10-18T01:41:36.400Z,,,3789.4,10488,11942066220.0,0,0,0,0
2024-10-18T01:41:36.900Z,,,3789.4,10491,11945476500.0,0,0,0,0
2024-10-18T01:41:37.400Z,,,3789.0,10492,11946613200.0,0,0,0,0
2024-10-18T01:41:37.900Z,,,3789.0,10492,11946613200.0,0,0,0,0
2024-10-18T01:41:38.400Z,,,3789.8,10493,11947750140.0,0,0,0,0
2024-10-18T01:41:38.900Z,,,3789.8,10493,11947750140.0,0,0,0,0
2024-10-18T01:41:39.400Z,,,3789.8,10493,11947750140.0,0,0,0,0
2024-10-18T01:41:39.900Z,,,3789.8,10495,11950024020.0,0,0,0,0
2024-10-18T01:41:40.400Z,,,3789.8,10495,11950024020.0,0,0,0,0
2024-10-18T01:41:40.900Z,,,3789.8,10495,11950024020.0,0,0,0,0
2024-10-18T01:41:41.400Z,,,3789.6,10498,11953434660.0,0,0,0,0
2024-10-18T01:41:41.900Z,,,3789.6,10503,11959119060.0,0,0,0,0
2024-10-18T01:41:42.400Z,,,3789.8,10508,11964803640.0,0,0,0,0
2024-10-18T01:41:42.900Z,,,3788.6,10530,11989814520.0,0,0,0,0
2024-10-18T01:41:43.400Z,,,3788.6,10539,12000043740.0,0,0,0,0
2024-10-18T01:41:43.900Z,,,3788.8,10543,12004590360.0,0,0,0,0
2024-10-18T01:41:44.400Z,,,3789.0,10546,12008000460.0,0,0,0,0
2024-10-18T01:41:44.900Z,,,3789.2,10551,12013684560.0,0,0,0,0
2024-10-18T01:41:45.400Z,,,3789.8,10553,12015958380.0,0,0,0,0
2024-10-18T01:41:45.900Z,,,3789.8,10555,12018232260.0,0,0,0,0
2024-10-18T01:41:46.400Z,,,3788.8,10559,12022779720.0,0,0,0,0
2024-10-18T01:41:46.900Z,,,3789.8,10563,12027327120.0,0,0,0,0
2024-10-18T01:41:47.400Z,,,3789.8,10566,12030737940.0,0,0,0,0
2024-10-18T01:41:47.900Z,,,3789.8,10567,12031874880.0,0,0,0,0
2024-10-18T01:41:48.400Z,,,3789.0,10572,12037559100.0,0,0,0,0
2024-10-18T01:41:48.900Z,,,3789.2,10579,12045516420.0,0,0,0,0
2024-10-18T01:41:49.400Z,,,3789.2,10581,12047789820.0,0,0,0,0
2024-10-18T01:41:49.900Z,,,3789.2,10582,12048926580.0,0,0,0,0
2024-10-18T01:41:50.400Z,,,3789.8,10584,12051200460.0,0,0,0,0
2024-10-18T01:41:50.900Z,,,3789.0,10586,12053473920.0,0,0,0,0
2024-10-18T01:41:51.400Z,,,3789.2,10593,12061431360.0,0,0,0,0
2024-10-18T01:41:51.900Z,,,3789.2,10594,12062568120.0,0,0,0,0
2024-10-18T01:41:52.400Z,,,3788.8,10595,12063704760.0,0,0,0,0
2024-10-18T01:41:52.900Z,,,3789.8,10600,12069388020.0,0,0,0,0
2024-10-18T01:41:53.400Z,,,3789.8,10600,12069388020.0,0,0,0,0
2024-10-18T01:41:53.900Z,,,3789.2,10602,12071661540.0,0,0,0,0
2024-10-18T01:41:54.400Z,,,3790.0,10604,12073935480.0,0,0,0,0
2024-10-18T01:41:54.900Z,,,3789.2,10605,12075072240.0,0,0,0,0
2024-10-18T01:41:55.400Z,,,3789.8,10606,12076209180.0,0,0,0,0
2024-10-18T01:41:55.900Z,,,3789.8,10611,12081894000.0,0,0,0,0
2024-10-18T01:41:56.400Z,,,3790.0,10612,12083031000.0,0,0,0,0
2024-10-18T01:41:56.900Z,,,3790.2,10615,12086442060.0,0,0,0,0
2024-10-18T01:41:57.400Z,,,3790.0,10617,12088716060.0,0,0,0,0
2024-10-18T01:41:57.900Z,,,3789.2,10620,12092126520.0,0,0,0,0
2024-10-18T01:41:58.400Z,,,3789.0,10621,12093263220.0,0,0,0,0
2024-10-18T01:41:58.900Z,,,3788.8,10624,12096673140.0,0,0,0,0
2024-10-18T01:41:59.400Z,,,3789.4,10626,12098946780.0,0,0,0,0
2024-10-18T01:41:59.900Z,,,3789.4,10626,12098946780.0,0,0,0,0
2024-10-18T01:42:00.400Z,,,3789.4,10630,12103493640.0,0,0,0,0
2024-10-18T01:42:00.900Z,,,3789.4,10630,12103493640.0,0,0,0,0
2024-10-18T01:42:01.400Z,,,3788.8,10631,12104630280.0,0,0,0,0
2024-10-18T01:42:01.900Z,,,3788.6,10633,12106903440.0,0,0,0,0
2024-10-18T01:42:02.400Z,,,3788.6,10634,12108040020.0,0,0,0,0
2024-10-18T01:42:03.400Z,,,3788.4,10635,12109176540.0,0,0,0,0
2024-10-18T01:42:03.900Z,,,3788.4,10639,12113722800.0,0,0,0,0
2024-10-18T01:42:04.400Z,,,3788.0,10646,12121678200.0,0,0,0,0
2024-10-18T01:42:04.900Z,,,3789.6,10649,12125088240.0,0,0,0,0
2024-10-18T01:42:05.400Z,,,3789.8,10651,12127361640.0,0,0,0,0
2024-10-18T01:42:05.900Z,,,3788.0,10657,12134180040.0,0,0,0,0
2024-10-18T01:42:06.400Z,,,3788.2,10658,12135316500.0,0,0,0,0
2024-10-18T01:42:06.900Z,,,3788.0,10678,12158044500.0,0,0,0,0
2024-10-18T01:42:07.400Z,,,3788.2,10680,12160317420.0,0,0,0,0
2024-10-18T01:42:07.900Z,,,3788.2,10680,12160317420.0,0,0,0,0
2024-10-18T01:42:08.400Z,,,3788.2,10684,12164863260.0,0,0,0,0
2024-10-18T01:42:08.900Z,,,3788.2,10688,12169409460.0,0,0,0,0
2024-10-18T01:42:09.400Z,,,3788.2,10689,12170545920.0,0,0,0,0
2024-10-18T01:42:09.900Z,,,3787.8,10691,12172818600.0,0,0,0,0
2024-10-18T01:42:10.400Z,,,3788.2,10694,12176228040.0,0,0,0,0
2024-10-18T01:42:10.900Z,,,3787.8,10697,12179637600.0,0,0,0,0
2024-10-18T01:42:11.400Z,,,3788.2,10700,12183046980.0,0,0,0,0
2024-10-18T01:42:11.900Z,,,3788.2,10702,12185319900.0,0,0,0,0
2024-10-18T01:42:12.400Z,,,3788.2,10703,12186456360.0,0,0,0,0
2024-10-18T01:42:12.900Z,,,3788.2,10704,12187592820.0,0,0,0,0
2024-10-18T01:42:13.400Z,,,3789.0,10706,12189866160.0,0,0,0,0
2024-10-18T01:42:13.900Z,,,3789.2,10707,12191002920.0,0,0,0,0
2024-10-18T01:42:14.400Z,,,3789.0,10713,12197823900.0,0,0,0,0
2024-10-18T01:42:14.900Z,,,3790.2,10718,12203508960.0,0,0,0,0
2024-10-18T01:42:15.400Z,,,3790.4,10721,12206920800.0,0,0,0,0
2024-10-18T01:42:15.900Z,,,3790.8,10723,12209195640.0,0,0,0,0
2024-10-18T01:42:16.400Z,,,3792.0,10725,12211470840.0,0,0,0,0
2024-10-18T01:42:16.900Z,,,3791.8,10728,12214883460.0,0,0,0,0
2024-10-18T01:42:17.400Z,,,3792.0,10732,12219434460.0,0,0,0,0
2024-10-18T01:42:17.900Z,,,3792.0,10735,12222847140.0,0,0,0,0
2024-10-18T01:42:18.400Z,,,3792.0,10735,12222847140.0,0,0,0,0
2024-10-18T01:42:18.900Z,,,3792.2,10740,12228535440.0,0,0,0,0
2024-10-18T01:42:19.400Z,,,3792.0,10744,12233085840.0,0,0,0,0
2024-10-18T01:42:19.900Z,,,3791.8,10745,12234223380.0,0,0,0,0
2024-10-18T01:42:20.400Z,,,3792.2,10753,12243324660.0,0,0,0,0
2024-10-18T01:42:20.900Z,,,3792.0,10759,12250149720.0,0,0,0,0
2024-10-18T01:42:21.400Z,,,3792.0,10761,12252424920.0,0,0,0,0
2024-10-18T01:42:21.900Z,,,3792.0,10761,12252424920.0,0,0,0,0
2024-10-18T01:42:22.400Z,,,3792.0,10770,12262664400.0,0,0,0,0
2024-10-18T01:42:22.900Z,,,3793.2,10778,12271766400.0,0,0,0,0
2024-10-18T01:42:23.400Z,,,3793.2,10790,12285421740.0,0,0,0,0
2024-10-18T01:42:23.900Z,,,3793.6,10794,12289974060.0,0,0,0,0
2024-10-18T01:42:24.400Z,,,3793.6,10800,12296802720.0,0,0,0,0
2024-10-18T01:42:24.900Z,,,3794.0,10803,12300217320.0,0,0,0,0
2024-10-18T01:42:25.400Z,,,3794.4,10815,12313878660.0,0,0,0,0
2024-10-18T01:42:25.900Z,,,3795.0,10822,12321848160.0,0,0,0,0
2024-10-18T01:42:26.400Z,,,3795.8,10824,12324125520.0,0,0,0,0
2024-10-18T01:42:26.900Z,,,3795.4,10833,12334373700.0,0,0,0,0
2024-10-18T01:42:27.400Z,,,3795.8,10840,12342345000.0,0,0,0,0
2024-10-18T01:42:27.900Z,,,3796.0,10849,12352594320.0,0,0,0,0
2024-10-18T01:42:28.400Z,,,3798.0,10853,12357151080.0,0,0,0,0
2024-10-18T01:42:28.900Z,,,3796.4,10857,12361707060.0,0,0,0,0
2024-10-18T01:42:29.400Z,,,3798.6,10860,12365125080.0,0,0,0,0
2024-10-18T01:42:29.900Z,,,3796.4,10875,12382214280.0,0,0,0,0
2024-10-18T01:42:30.400Z,,,3796.8,10879,12386770080.0,0,0,0,0
2024-10-18T01:42:30.900Z,,,3797.0,10884,12392465940.0,0,0,0,0
2024-10-18T01:42:31.400Z,,,3798.6,10887,12395884680.0,0,0,0,0
2024-10-18T01:42:31.900Z,,,3798.2,10896,12406140840.0,0,0,0,0
2024-10-18T01:42:32.400Z,,,3798.6,10907,12418676220.0,0,0,0,0
2024-10-18T01:42:32.900Z,,,3798.4,10910,12422094840.0,0,0,0,0
2024-10-18T01:42:33.400Z,,,3798.6,10916,12428932320.0,0,0,0,0
2024-10-18T01:42:33.900Z,,,3798.6,10929,12443747220.0,0,0,0,0
2024-10-18T01:42:34.400Z,,,3798.2,10939,12455141940.0,0,0,0,0
2024-10-18T01:42:34.900Z,,,3797.8,10950,12467674320.0,0,0,0,0
2024-10-18T01:42:35.400Z,,,3796.2,10956,12474508680.0,0,0,0,0
2024-10-18T01:42:35.900Z,,,3796.4,10965,12484759320.0,0,0,0,0
2024-10-18T01:42:36.400Z,,,3796.0,10967,12487037040.0,0,0,0,0
2024-10-18T01:42:36.900Z,,,3795.8,10976,12497285700.0,0,0,0,0
2024-10-18T01:42:37.400Z,,,3795.4,10980,12501840300.0,0,0,0,0
2024-10-18T01:42:37.900Z,,,3795.4,10982,12504117540.0,0,0,0,0
2024-10-18T01:42:38.400Z,,,3793.8,10985,12507532080.0,0,0,0,0
2024-10-18T01:42:38.900Z,,,3794.0,10995,12518913900.0,0,0,0,0
2024-10-18T01:42:39.400Z,,,3795.2,11005,12530299560.0,0,0,0,0
2024-10-18T01:42:39.900Z,,,3795.8,11009,12534854460.0,0,0,0,0
2024-10-18T01:42:40.400Z,,,3797.0,11012,12538271280.0,0,0,0,0
2024-10-18T01:42:40.900Z,,,3798.0,11015,12541689240.0,0,0,0,0
2024-10-18T01:42:41.400Z,,,3798.6,11025,12553084020.0,0,0,0,0
2024-10-18T01:42:41.900Z,,,3798.6,11032,12561060240.0,0,0,0,0
2024-10-18T01:42:42.400Z,,,3798.4,11038,12567897960.0,0,0,0,0
2024-10-18T01:42:42.900Z,,,3799.0,11045,12575875620.0,0,0,0,0
2024-10-18T01:42:43.400Z,,,3797.8,11053,12584992680.0,0,0,0,0
2024-10-18T01:42:43.900Z,,,3799.0,11063,12596387760.0,0,0,0,0
2024-10-18T01:42:44.400Z,,,3798.6,11069,12603225180.0,0,0,0,0
2024-10-18T01:42:44.900Z,,,3798.0,11072,12606643740.0,0,0,0,0
2024-10-18T01:42:45.400Z,,,3798.8,11073,12607783380.0,0,0,0,0
2024-10-18T01:42:45.900Z,,,3798.8,11086,12622598100.0,0,0,0,0
2024-10-18T01:42:46.400Z,,,3798.6,11091,12628295460.0,0,0,0,0
2024-10-18T01:42:46.900Z,,,3797.6,11096,12633993060.0,0,0,0,0
2024-10-18T01:42:47.400Z,,,3797.6,11098,12636271380.0,0,0,0,0
2024-10-18T01:42:47.900Z,,,3797.6,11098,12636271380.0,0,0,0,0
2024-10-18T01:42:48.400Z,,,3797.6,11099,12637410660.0,0,0,0,0
2024-10-18T01:42:48.900Z,,,3797.6,11099,12637410660.0,0,0,0,0
2024-10-18T01:42:49.400Z,,,3797.6,11103,12641967780.0,0,0,0,0
2024-10-18T01:42:49.900Z,,,3796.8,11104,12643106820.0,0,0,0,0
2024-10-18T01:42:50.400Z,,,3797.2,11109,12648802140.0,0,0,0,0
2024-10-18T01:42:50.900Z,,,3797.2,11109,12648802140.0,0,0,0,0
2024-10-18T01:42:51.400Z,,,3797.4,11111,12651080520.0,0,0,0,0
2024-10-18T01:42:51.900Z,,,3796.2,11113,12653358240.0,0,0,0,0
2024-10-18T01:42:52.400Z,,,3796.0,11117,12657913440.0,0,0,0,0
2024-10-18T01:42:52.900Z,,,3796.0,11120,12661329840.0,0,0,0,0
2024-10-18T01:42:53.400Z,,,3797.0,11122,12663607740.0,0,0,0,0
2024-10-18T01:42:53.900Z,,,3796.0,11130,12672720660.0,0,0,0,0
2024-10-18T01:42:54.400Z,,,3796.8,11137,12680692200.0,0,0,0,0
2024-10-18T01:42:54.900Z,,,3796.8,11140,12684109320.0,0,0,0,0
2024-10-18T01:42:55.400Z,,,3796.8,11140,12684109320.0,0,0,0,0
2024-10-18T01:42:55.900Z,,,3797.2,11149,12694361400.0,0,0,0,0
2024-10-18T01:42:56.400Z,,,3797.4,11152,12697778760.0,0,0,0,0
2024-10-18T01:42:56.900Z,,,3797.4,11155,12701196360.0,0,0,0,0
2024-10-18T01:42:57.400Z,,,3797.2,11169,12717145860.0,0,0,0,0
2024-10-18T01:42:57.900Z,,,3797.2,11171,12719424000.0,0,0,0,0
2024-10-18T01:42:58.400Z,,,3797.0,11174,12722841300.0,0,0,0,0
2024-10-18T01:42:58.900Z,,,3797.0,11176,12725119500.0,0,0,0,0
2024-10-18T01:42:59.400Z,,,3797.4,11181,12730815120.0,0,0,0,0
2024-10-18T01:42:59.900Z,,,3797.6,11184,12734232840.0,0,0,0,0
2024-10-18T01:43:00.400Z,,,3798.0,11188,12738790560.0,0,0,0,0
2024-10-18T01:43:00.900Z,,,3798.6,11197,12749046720.0,0,0,0,0
2024-10-18T01:43:01.400Z,,,3798.8,11200,12752465760.0,0,0,0,0
2024-10-18T01:43:01.900Z,,,3799.2,11206,12759304140.0,0,0,0,0
2024-10-18T01:43:02.400Z,,,3799.6,11208,12761583900.0,0,0,0,0
2024-10-18T01:43:02.900Z,,,3799.8,11216,12770703120.0,0,0,0,0
2024-10-18T01:43:03.400Z,,,3800.0,11226,12782102940.0,0,0,0,0
2024-10-18T01:43:03.900Z,,,3801.0,11238,12795783660.0,0,0,0,0
2024-10-18T01:43:04.400Z,,,3801.2,11248,12807186300.0,0,0,0,0
2024-10-18T01:43:04.900Z,,,3801.2,11251,12810607380.0,0,0,0,0
2024-10-18T01:43:05.400Z,,,3801.4,11258,12818590740.0,0,0,0,0
2024-10-18T01:43:05.900Z,,,3802.0,11260,12820871880.0,0,0,0,0
2024-10-18T01:43:06.400Z,,,3801.8,11271,12833418720.0,0,0,0,0
2024-10-18T01:43:06.900Z,,,3802.2,11275,12837981420.0,0,0,0,0
2024-10-18T01:43:07.400Z,,,3802.2,11280,12843685080.0,0,0,0,0
2024-10-18T01:43:07.900Z,,,3802.4,11284,12848247960.0,0,0,0,0
2024-10-18T01:43:08.400Z,,,3803.0,11292,12857374560.0,0,0,0,0
2024-10-18T01:43:08.900Z,,,3803.6,11298,12864220980.0,0,0,0,0
2024-10-18T01:43:09.400Z,,,3804.0,11304,12871066860.0,0,0,0,0
2024-10-18T01:43:09.900Z,,,3802.4,11317,12885898440.0,0,0,0,0
2024-10-18T01:43:10.400Z,,,3803.0,11321,12890461200.0,0,0,0,0
2024-10-18T01:43:10.900Z,,,3803.0,11328,12898446720.0,0,0,0,0
2024-10-18T01:43:11.400Z,,,3803.2,11341,12913278420.0,0,0,0,0
2024-10-18T01:43:11.900Z,,,3803.0,11349,12922403940.0,0,0,0,0
2024-10-18T01:43:12.400Z,,,3802.8,11353,12926966640.0,0,0,0,0
2024-10-18T01:43:12.900Z,,,3802.8,11363,12938373600.0,0,0,0,0
2024-10-18T01:43:13.400Z,,,3801.8,11364,12939514140.0,0,0,0,0
2024-10-18T01:43:13.900Z,,,3801.0,11379,12956619600.0,0,0,0,0
2024-10-18T01:43:14.400Z,,,3800.6,11383,12961180440.0,0,0,0,0
2024-10-18T01:43:14.900Z,,,3800.0,11393,12972580140.0,0,0,0,0
2024-10-18T01:43:15.400Z,,,3799.4,11403,12983978460.0,0,0,0,0
2024-10-18T01:43:15.900Z,,,3799.2,11407,12988537500.0,0,0,0,0
2024-10-18T01:43:16.400Z,,,3798.4,11412,12994234860.0,0,0,0,0
2024-10-18T01:43:16.900Z,,,3798.4,11422,13005630420.0,0,0,0,0
2024-10-18T01:43:17.400Z,,,3798.6,11428,13012468320.0,0,0,0,0
2024-10-18T01:43:17.900Z,,,3799.0,11435,13020446940.0,0,0,0,0
2024-10-18T01:43:18.400Z,,,3800.2,11440,13026147120.0,0,0,0,0
2024-10-18T01:43:18.900Z,,,3800.8,11441,13027287360.0,0,0,0,0
2024-10-18T01:43:19.400Z,,,3800.2,11442,13028427420.0,0,0,0,0
2024-10-18T01:43:19.900Z,,,3801.0,11444,13030708020.0,0,0,0,0
2024-10-18T01:43:20.400Z,,,3801.6,11445,13031848500.0,0,0,0,0
2024-10-18T01:43:20.900Z,,,3801.8,11448,13035269700.0,0,0,0,0
2024-10-18T01:43:21.400Z,,,3801.8,11452,13039831620.0,0,0,0,0
2024-10-18T01:43:21.900Z,,,3801.8,11453,13040972160.0,0,0,0,0
2024-10-18T01:43:22.400Z,,,3801.8,11453,13040972160.0,0,0,0,0
2024-10-18T01:43:22.900Z,,,3800.6,11456,13044392760.0,0,0,0,0
2024-10-18T01:43:23.400Z,,,3799.4,11484,13076333340.0,0,0,0,0
2024-10-18T01:43:23.900Z,,,3799.4,11487,13079753040.0,0,0,0,0
2024-10-18T01:43:24.400Z,,,3800.2,11491,13084313220.0,0,0,0,0
2024-10-18T01:43:24.900Z,,,3800.2,11493,13086593340.0,0,0,0,0
2024-10-18T01:43:25.400Z,,,3800.0,11495,13088873220.0,0,0,0,0
2024-10-18T01:43:25.900Z,,,3800.2,11505,13100274060.0,0,0,0,0
2024-10-18T01:43:26.400Z,,,3800.0,11521,13118514120.0,0,0,0,0
2024-10-18T01:43:26.900Z,,,3800.0,11525,13123074300.0,0,0,0,0
2024-10-18T01:43:27.400Z,,,3799.6,11528,13126493940.0,0,0,0,0
2024-10-18T01:43:27.900Z,,,3799.6,11529,13127633820.0,0,0,0,0
2024-10-18T01:43:28.400Z,,,3799.4,11535,13134472500.0,0,0,0,0
2024-10-18T01:43:28.900Z,,,3798.8,11540,13140170760.0,0,0,0,0
2024-10-18T01:43:29.400Z,,,3798.8,11540,13140170760.0,0,0,0,0
2024-10-18T01:43:29.900Z,,,3798.6,11541,13141310340.0,0,0,0,0
2024-10-18T01:43:30.400Z,,,3799.4,11544,13144729800.0,0,0,0,0
2024-10-18T01:43:30.900Z,,,3799.6,11546,13147009560.0,0,0,0,0
2024-10-18T01:43:31.400Z,,,3800.0,11547,13148149560.0,0,0,0,0
2024-10-18T01:43:31.900Z,,,3800.6,11552,13153850400.0,0,0,0,0
2024-10-18T01:43:32.400Z,,,3800.8,11558,13160691660.0,0,0,0,0
2024-10-18T01:43:32.900Z,,,3801.0,11560,13162972260.0,0,0,0,0
2024-10-18T01:43:33.400Z,,,3800.4,11572,13176654660.0,0,0,0,0
2024-10-18T01:43:33.900Z,,,3802.0,11580,13185777060.0,0,0,0,0
2024-10-18T01:43:34.400Z,,,3802.2,11581,13186917720.0,0,0,0,0
2024-10-18T01:43:34.900Z,,,3800.8,11583,13189198260.0,0,0,0,0
2024-10-18T01:43:35.400Z,,,3802.2,11588,13194901560.0,0,0,0,0
2024-10-18T01:43:35.900Z,,,3802.2,11589,13196042220.0,0,0,0,0
2024-10-18T01:43:36.400Z,,,3801.0,11590,13197182520.0,0,0,0,0
2024-10-18T01:43:36.900Z,,,3801.0,11592,13199463120.0,0,0,0,0
2024-10-18T01:43:37.400Z,,,3800.6,11597,13205164200.0,0,0,0,0
2024-10-18T01:43:37.900Z,,,3800.8,11604,13213145040.0,0,0,0,0
2024-10-18T01:43:38.400Z,,,3800.6,11608,13217705460.0,0,0,0,0
2024-10-18T01:43:38.900Z,,,3800.8,11612,13222266420.0,0,0,0,0
2024-10-18T01:43:39.400Z,,,3801.0,11615,13225687320.0,0,0,0,0
2024-10-18T01:43:39.900Z,,,3801.6,11616,13226827800.0,0,0,0,0
2024-10-18T01:43:40.400Z,,,3802.0,11620,13231390200.0,0,0,0,0
2024-10-18T01:43:40.900Z,,,3802.0,11622,13233671400.0,0,0,0,0
2024-10-18T01:43:41.400Z,,,3802.8,11625,13237093740.0,0,0,0,0
2024-10-18T01:43:41.900Z,,,3802.8,11625,13237093740.0,0,0,0,0
2024-10-18T01:43:42.400Z,,,3802.2,11628,13240515480.0,0,0,0,0
2024-10-18T01:43:42.900Z,,,3801.8,11633,13246218300.0,0,0,0,0
2024-10-18T01:43:43.400Z,,,3800.4,11637,13250779320.0,0,0,0,0
2024-10-18T01:43:43.900Z,,,3801.8,11639,13253060400.0,0,0,0,0
2024-10-18T01:43:44.400Z,,,3801.0,11646,13261043520.0,0,0,0,0
2024-10-18T01:43:44.900Z,,,3800.2,11648,13263323820.0,0,0,0,0
2024-10-18T01:43:45.400Z,,,3800.4,11651,13266744900.0,0,0,0,0
2024-10-18T01:43:45.900Z,,,3801.4,11653,13269025440.0,0,0,0,0
2024-10-18T01:43:46.400Z,,,3801.4,11656,13272446700.0,0,0,0,0
